%% This BibTeX bibliography file was created using BibDesk.
%% http://bibdesk.sourceforge.net/


%% Created for Michael Frank at 2020-02-03 11:01:33 -0800 


%% Saved with string encoding Unicode (UTF-8) 



@article{medin2010,
	Author = {Medin, Douglas and Waxman, Sandra and Woodring, Jennie and Ross, Norbert and Winkler-Rhoades, Nathan},
	Date-Added = {2020-02-03 11:01:31 -0800},
	Date-Modified = {2020-02-03 11:01:33 -0800},
	Journal = {Journal of Cognition and Culture},
	Number = {1-2},
	Pages = {205--220},
	Publisher = {Brill},
	Title = {Naming the animals that come to mind: Effects of culture and experience on category fluency},
	Volume = {10},
	Year = {2010}}

@article{sanchez2019,
	Author = {Sanchez, Alessandro and Meylan, Stephan C and Braginsky, Mika and MacDonald, Kyle E and Yurovsky, Daniel and Frank, Michael C},
	Date-Added = {2020-02-03 10:13:46 -0800},
	Date-Modified = {2020-02-03 10:13:48 -0800},
	Journal = {Behavior research methods},
	Number = {4},
	Pages = {1928--1941},
	Publisher = {Springer},
	Title = {childes-db: A flexible and reproducible interface to the child language data exchange system},
	Volume = {51},
	Year = {2019}}

@article{bornstein2010,
	Author = {Bornstein, Marc H and Arterberry, Martha E},
	Date-Added = {2020-02-03 10:10:30 -0800},
	Date-Modified = {2020-02-03 10:12:38 -0800},
	Journal = {Developmental psychology},
	Number = {2},
	Pages = {350},
	Publisher = {American Psychological Association},
	Title = {The development of object categorization in young children: Hierarchical inclusiveness, age, perceptual attribute, and group versus individual analyses.},
	Volume = {46},
	Year = {2010}}

@article{bornstein2003,
	Author = {Bornstein, Marc H and Arterberry, Martha E},
	Date-Added = {2020-02-03 10:10:02 -0800},
	Date-Modified = {2020-02-03 10:12:38 -0800},
	Journal = {Developmental Science},
	Number = {5},
	Pages = {585--599},
	Publisher = {Wiley Online Library},
	Title = {Recognition, discrimination and categorization of smiling by 5-month-old infants},
	Volume = {6},
	Year = {2003}}

@article{apfelbaum2011,
	Author = {Apfelbaum, K.S and McMurray, B.},
	Date-Modified = {2020-02-03 10:12:38 -0800},
	Journal = {Cognitive Science},
	Number = {6},
	Publisher = {Wiley Online Library},
	Title = {Using variability to guide dimensional weighting: Associative mechanisms in early word learning},
	Volume = {35},
	Year = {2011}}

@book{piaget1954,
	Author = {Piaget, Jean},
	Date-Modified = {2020-02-03 10:12:38 -0800},
	Publisher = {New York, NY, US: Basic Books},
	Title = {The construction of reality in the child},
	Year = {1954}}

@book{carey2009,
	Author = {Carey, Susan},
	Date-Modified = {2020-02-03 10:12:38 -0800},
	Publisher = {Oxford University Press},
	Title = {The origin of concepts},
	Year = {2009}}

@inproceedings{lewis2013,
	Author = {Lewis, Molly and Frank, Michael},
	Booktitle = {Proceedings of the Annual Meeting of the Cognitive Science Society},
	Date-Modified = {2020-02-03 10:12:38 -0800},
	Number = {35},
	Title = {An integrated model of concept learning and word-concept mapping},
	Volume = {35},
	Year = {2013}}

@book{anderson1990,
	Address = {Hillsdale, NJ},
	Author = {Anderson, J. R.},
	Date-Modified = {2020-02-03 10:12:38 -0800},
	Publisher = {Erlbaum},
	Title = {The adaptive character of thought},
	Year = 1990}

@article{sizemore2018,
	Author = {Sizemore, Ann E and Karuza, Elisabeth A and Giusti, Chad and Bassett, Danielle S},
	Date-Modified = {2020-02-03 10:12:38 -0800},
	Journal = {Nature human behaviour},
	Number = {9},
	Publisher = {Nature Publishing Group},
	Title = {Knowledge gaps in the early growth of semantic feature networks},
	Volume = {2},
	Year = {2018}}

@article{wojcik2013,
	Author = {Wojcik, E.H. and Saffran, J.R.},
	Date-Modified = {2020-02-03 10:12:38 -0800},
	Journal = {Psychological science},
	Number = {10},
	Publisher = {Sage Publications Sage CA: Los Angeles, CA},
	Title = {The ontogeny of lexical networks: Toddlers encode the relationships among referents when learning novel words},
	Volume = {24},
	Year = {2013}}

@inproceedings{hofer2017,
	Author = {Hofer, M. and Levy, R.},
	Booktitle = {{Proceedings of the 39th Annual Meeting of the Cognitive Science Society}},
	Date-Modified = {2020-02-03 10:12:38 -0800},
	Title = {{Modeling Sources of Uncertainty in Spoken Word Learning}},
	Year = 2017}

@article{swingley2007,
	Author = {Swingley, D.},
	Date-Modified = {2020-02-03 10:12:38 -0800},
	Journal = {Developmental psychology},
	Number = {2},
	Publisher = {American Psychological Association},
	Title = {Lexical exposure and word-form encoding in 1.5-year-olds.},
	Volume = {43},
	Year = {2007}}

@article{barr2013,
	Author = {Barr, D.J. and Levy, R. and Scheepers, C. and Tily, H.J.},
	Date-Modified = {2020-02-03 10:12:38 -0800},
	Journal = {Journal of memory and language},
	Number = {3},
	Publisher = {Elsevier},
	Title = {Random effects structure for confirmatory hypothesis testing: Keep it maximal},
	Volume = {68},
	Year = {2013}}

@inproceedings{dutoit1996,
	Author = {Dutoit, Thierry and Pagel, Vincent and Pierret, Nicolas and Bataille, Fran{\c{c}}ois and Van der Vrecken, Olivier},
	Booktitle = {Proceedings of {ICSLP}},
	Date-Modified = {2020-02-03 10:12:38 -0800},
	Organization = {IEEE},
	Title = {The MBROLA project: Towards a set of high quality speech synthesizers free of use for non commercial purposes},
	Volume = {3},
	Year = {1996}}

@article{pajak2016,
	Author = {Pajak, B. and Creel, S.C. and Levy, R.},
	Date-Modified = {2020-02-03 10:12:38 -0800},
	Journal = {Journal of Experimental Psychology: Learning, Memory, and Cognition},
	Number = {9},
	Publisher = {American Psychological Association},
	Title = {Difficulty in learning similar-sounding words: A developmental stage or a general property of learning?},
	Volume = {42},
	Year = {2016}}

@article{white2013,
	Author = {White, K.S. and Yee, E. and Blumstein, S.E. and Morgan, J.L.},
	Date-Modified = {2020-02-03 10:12:38 -0800},
	Journal = {Journal of Memory and Language},
	Number = {4},
	Publisher = {Elsevier},
	Title = {Adults show less sensitivity to phonetic detail in unfamiliar words, too},
	Volume = {68},
	Year = {2013}}

@article{dautriche2015,
	Author = {Dautriche, I. and Swingley, D. and Christophe, A.},
	Date-Modified = {2020-02-03 10:12:38 -0800},
	Journal = {Cognition},
	Publisher = {Elsevier},
	Title = {Learning novel phonological neighbors: Syntactic category matters},
	Volume = {143},
	Year = {2015}}

@article{thiessen2007,
	Author = {Thiessen, E.D.},
	Date-Modified = {2020-02-03 10:12:38 -0800},
	Journal = {Journal of Memory and Language},
	Title = {The effect of distributional information on children's use of phonemic contrasts},
	Volume = {56},
	Year = {2007}}

@article{werker2002,
	Author = {Werker, J.F. and Fennell, C.T. and Corcoran, K.M. and Stager, C.L.},
	Date-Modified = {2020-02-03 10:12:38 -0800},
	Journal = {Infancy},
	Title = {Infants' ability to learn phonetically similar words: Effects of age and vocabulary size},
	Volume = {3},
	Year = {2002}}

@article{fennell2010,
	Author = {Fennell, C.T. and Waxman, S.R.},
	Date-Modified = {2020-02-03 10:12:38 -0800},
	Journal = {Child Development},
	Title = {What paradox? Referential cues allow for infant use of phonetic detail in word learning},
	Volume = {81},
	Year = {2010}}

@article{rost2009,
	Author = {Rost, G.C. and McMurray, B.},
	Date-Modified = {2020-02-03 10:12:38 -0800},
	Journal = {Developmental Science},
	Title = {Speaker variability augments phonological processing in early word learning},
	Volume = {12},
	Year = {2009}}

@article{yoshida2009,
	Author = {Yoshida, K. and Fennell, C.T. and Swingley, D. and Werker, J.F.},
	Date-Modified = {2020-02-03 10:12:38 -0800},
	Journal = {Developmental Science},
	Title = {14-month-olds learn similar-sounding words},
	Volume = {12},
	Year = {2009}}

@article{stager1997,
	Author = {Stager, C.L. and Werker, J.F.},
	Date-Modified = {2020-02-03 10:12:38 -0800},
	Journal = {Nature},
	Number = {6640},
	Title = {Infants listen for more phonetic detail in speech perception than in word-learning tasks},
	Volume = {388},
	Year = {1997}}

@article{werker1984,
	Author = {Werker, J.F. and Tees, R.C.},
	Date-Modified = {2020-02-03 10:12:38 -0800},
	Journal = {Infant Behavior and Development},
	Title = {Cross-language speech perception: Evidence for perceptual reorganization during the first year of life},
	Volume = {7},
	Year = {1984}}

@article{goodman2008,
	Author = {Goodman, Judith C. and Dale, Philip S. and Li, Ping},
	Date-Modified = {2020-02-03 10:12:38 -0800},
	Journal = {Journal of Child Language},
	Number = {3},
	Pages = {515--531},
	Publisher = {Cambridge University Press},
	Title = {Does frequency count? Parental input and the acquisition of vocabulary},
	Volume = {35},
	Year = {2008}}

@inproceedings{braginsky2016,
	Author = {Braginsky, Mika and Yurovsky, Daniel and Marchman, Virginia A and Frank, Michael C.},
	Booktitle = {{Proceedings of the 38th Annual Conference of the Cognitive Science Society}},
	Date-Modified = {2020-02-03 10:12:38 -0800},
	Title = {From uh-oh to tomorrow: Predicting age of acquisition for early words across languages},
	Year = {2016}}

@article{stokes2010,
	Author = {Stokes, Stephanie F.},
	Date-Modified = {2020-02-03 10:12:38 -0800},
	Journal = {Journal of Speech, Language, and Hearing Research},
	Number = {3},
	Pages = {670-683},
	Title = {Neighborhood Density and Word Frequency Predict Vocabulary Size in Toddlers},
	Volume = {53},
	Year = {2010}}

@article{storkel2009,
	Author = {Storkel, Holly L.},
	Date-Modified = {2020-02-03 10:12:38 -0800},
	Journal = {Journal of Child Language},
	Number = {2},
	Pages = {29--321},
	Publisher = {Cambridge University Press},
	Title = {Developmental differences in the effects of phonological, lexical and semantic variables on word learning by infants},
	Volume = {36},
	Year = {2009}}

@article{steyvers2005,
	Author = {Steyvers, Mark and Tenenbaum, Joshua B.},
	Date-Modified = {2020-02-03 10:12:38 -0800},
	Journal = {Cognitive Science},
	Number = {1},
	Pages = {41--78},
	Publisher = {Lawrence Erlbaum Associates, Inc.},
	Title = {The Large-Scale Structure of Semantic Networks: Statistical Analyses and a Model of Semantic Growth},
	Volume = {29},
	Year = {2005}}

@article{smith2008,
	Author = {Linda Smith and Chen Yu},
	Date-Modified = {2020-02-03 10:12:38 -0800},
	Journal = {Cognition},
	Number = {3},
	Pages = {1558 - 1568},
	Title = {Infants rapidly learn word-referent mappings via cross-situational statistics},
	Volume = {106},
	Year = {2008}}

@article{hills2009,
	Author = {Thomas T. Hills and Mounir Maouene and Josita Maouene and Adam Sheya and Linda Smith},
	Date-Modified = {2020-02-03 10:12:38 -0800},
	Journal = {Psychological Science},
	Number = {6},
	Pages = {729-739},
	Title = {Longitudinal Analysis of Early Semantic Networks: Preferential Attachment or Preferential Acquisition?},
	Volume = {20},
	Year = {2009}}

@article{frank2017,
	Author = {Frank, Michael C. and Braginsky, Mika and Yurovsky, Daniel and Marchman, Virginia A.},
	Date-Modified = {2020-02-03 10:12:38 -0800},
	Journal = {Journal of Child Language},
	Number = {3},
	Pages = {677--694},
	Publisher = {Cambridge University Press},
	Title = {Wordbank: an open repository for developmental vocabulary data},
	Volume = {44},
	Year = {2017}}

@electronic{nelson1998,
	Author = {Nelson, D. L. and McEvoy, C. L. and Schreiber, T. A.},
	Date-Modified = {2020-02-03 10:12:38 -0800},
	Title = {The {U}niversity of {S}outh {F}lorida word association, rhyme, and word fragment norms},
	Url = {http://w3.usf.edu/FreeAssociation/},
	Year = 1998,
	Bdsk-Url-1 = {http://w3.usf.edu/FreeAssociation/}}

@article{pisoni1985,
	Author = {David B. Pisoni and Howard C. Nusbaum and Paul A. Luce and Louisa M. Slowiaczek},
	Date-Modified = {2020-02-03 10:12:38 -0800},
	Journal = {Speech Communication},
	Number = {1},
	Pages = {75 - 95},
	Title = {Speech perception, word recognition and the structure of the lexicon},
	Volume = {4},
	Year = {1985}}

@article{griffiths2007,
	Author = {Thomas L. Griffiths and Mark Steyvers and Joshua B. Tenenbaum},
	Date-Modified = {2020-02-03 10:12:38 -0800},
	Journal = {Psychological Review},
	Number = {2},
	Pages = {2007},
	Title = {Topics in semantic representation},
	Volume = {114},
	Year = {2007}}

@article{saffran1996,
	Author = {Saffran, Jenny R. and Aslin, Richard N. and Newport, Elissa L.},
	Date-Modified = {2020-02-03 10:12:38 -0800},
	Journal = {Science},
	Number = {5294},
	Pages = {1926--1928},
	Publisher = {American Association for the Advancement of Science},
	Title = {Statistical Learning by 8-Month-Old Infants},
	Volume = {274},
	Year = {1996}}

@article{vitevitch1999,
	Author = {Michael S. Vitevitch and Paul A. Luce and David B. Pisoni and Edward T. Auer},
	Date-Modified = {2020-02-03 10:12:38 -0800},
	Journal = {Brain and Language},
	Number = {1},
	Pages = {306 - 311},
	Title = {Phonotactics, Neighborhood Activation, and Lexical Access for Spoken Words},
	Volume = {68},
	Year = {1999}}

@article{jusczyk1994,
	Author = {Peter W. Jusczyk and Paul A. Luce and Jan Charles-Luce},
	Date-Modified = {2020-02-03 10:12:38 -0800},
	Journal = {Journal of Memory and Language},
	Number = {5},
	Pages = {630 - 645},
	Title = {Infant's Sensitivity to Phonotactic Patterns in the Native Language},
	Volume = {33},
	Year = {1994}}

@article{storkel2001,
	Author = {Storkel, Holly L.},
	Date-Modified = {2020-02-03 10:12:38 -0800},
	Journal = {Journal of Speech, Language, and Hearing Research},
	Number = {6},
	Pages = {1321-1337},
	Title = {Learning New Words: Phonotactic Probability in Language Development},
	Volume = {44},
	Year = {2001}}

@article{macroy-higgins2014,
	Author = {Michelle MacRoy-Higgins and Valerie L Shafer and Richard G Schwartz and Klara Marton},
	Date-Modified = {2020-02-03 10:12:38 -0800},
	Journal = {Child Language Teaching and Therapy},
	Number = {1},
	Pages = {117-130},
	Title = {The influence of phonotactic probability on word recognition in toddlers},
	Volume = {30},
	Year = {2014}}

@article{beckage2011,
	Author = {Beckage, Nicole M. and Smith, Linda and Hills, Thomas T.},
	Date-Modified = {2020-02-03 10:12:38 -0800},
	Journal = {PLOS ONE},
	Month = {05},
	Number = {5},
	Pages = {1-6},
	Publisher = {Public Library of Science},
	Title = {Small Worlds and Semantic Network Growth in Typical and Late Talkers},
	Volume = {6},
	Year = {2011}}

@article{stella2017,
	Author = {Stella, Massimo and Beckage, Nicole M. and Brede, Markus},
	Date-Modified = {2020-02-03 10:12:38 -0800},
	Day = {24},
	Journal = {Scientific Reports},
	Title = {Multiplex lexical networks reveal patterns in early word acquisition in children},
	Volume = {7},
	Year = {2017}}

@article{hills2010,
	Author = {Thomas T. Hills and Josita Maouene and Brian Riordan and Linda B. Smith},
	Date-Modified = {2020-02-03 10:12:38 -0800},
	Journal = {Journal of Memory and Language},
	Number = {3},
	Pages = {259 - 273},
	Title = {The associative structure of language: Contextual diversity in early word learning},
	Volume = {63},
	Year = {2010}}

@misc{goodman2014,
	Author = {Goodman, Noah and Stuhlmuller, Andreas},
	Date-Modified = {2020-02-03 10:12:38 -0800},
	Howpublished = {\url{http://dippl.org}},
	Title = {{The Design and Implementation of Probabilistic Programming Languages}},
	Year = {2014}}

@article{barabasi1999,
	Author = {Barabasi, Albert-Laszlo and Albert, Reka},
	Date-Modified = {2020-02-03 10:12:38 -0800},
	Journal = {Science},
	Number = {5439},
	Pages = {509--512},
	Title = {Emergence of Scaling in Random Networks},
	Volume = {286},
	Year = {1999}}

@article{markman1990,
	Author = {Markman, Ellen M.},
	Date-Modified = {2020-02-03 10:12:38 -0800},
	Journal = {Cognitive Science},
	Number = {1},
	Pages = {57--77},
	Publisher = {Lawrence Erlbaum Associates, Inc.},
	Title = {Constraints Children Place on Word Meanings},
	Volume = {14},
	Year = {1990}}

@article{roy2015,
	Author = {Roy, Brandon C. and Frank, Michael C. and DeCamp, Philip and Miller, Matthew and Roy, Deb},
	Date-Modified = {2020-02-03 10:12:38 -0800},
	Journal = {Proceedings of the National Academy of Sciences},
	Number = {41},
	Pages = {12663--12668},
	Publisher = {National Academy of Sciences},
	Title = {Predicting the birth of a spoken word},
	Volume = {112},
	Year = {2015}}

@article{fenson1994,
	Author = {Larry Fenson and Philip S. Dale and J. Steven Reznick and Elizabeth Bates and Donna J. Thal and Stephen J. Pethick and Michael Tomasello and Carolyn B. Mervis and Joan Stiles},
	Date-Modified = {2020-02-03 10:12:38 -0800},
	Journal = {Monographs of the Society for Research in Child Development},
	Number = {5},
	Pages = {i-185},
	Publisher = {[Society for Research in Child Development, Wiley]},
	Title = {Variability in Early Communicative Development},
	Volume = {59},
	Year = {1994}}

@article{gillespie2015,
	Author = {Colin S. Gillespie},
	Date-Modified = {2020-02-03 10:12:38 -0800},
	Journal = {Journal of Statistical Software},
	Number = {2},
	Pages = {1--16},
	Title = {Fitting Heavy Tailed Distributions: The {poweRlaw} Package},
	Url = {http://www.jstatsoft.org/v64/i02/},
	Volume = {64},
	Year = {2015},
	Bdsk-Url-1 = {http://www.jstatsoft.org/v64/i02/}}

@article{clauset2009,
	Author = {Aaron Clauset and Cosma Rohilla Shalizi and M. E. J. Newman},
	Date-Modified = {2020-02-03 10:12:38 -0800},
	Journal = {SIAM Review},
	Number = {4},
	Pages = {661-703},
	Title = {Power-Law Distributions in Empirical Data},
	Volume = {51},
	Year = {2009}}

@inproceedings{mikolov2013,
	Author = {Mikolov, Tomas and Sutskever, Ilya and Chen, Kai and Corrado, Greg S and Dean, Jeff},
	Booktitle = {Advances in neural information processing systems},
	Date-Modified = {2020-02-03 10:12:38 -0800},
	Pages = {3111--3119},
	Title = {Distributed representations of words and phrases and their compositionality},
	Year = {2013}}

@inproceedings{kulkarni2015,
	Author = {Kulkarni, Vivek and Al-Rfou, Rami and Perozzi, Bryan and Skiena, Steven},
	Booktitle = {Proceedings of the 24th International Conference on World Wide Web},
	Date-Modified = {2020-02-03 10:12:38 -0800},
	Pages = {625--635},
	Title = {Statistically significant detection of linguistic change},
	Year = {2015}}

@inproceedings{dubossarsky2017,
	Author = {Dubossarsky, Haim and Weinshall, Daphna and Grossman, Eitan},
	Booktitle = {Proceedings of the 2017 conference on empirical methods in natural language processing},
	Date-Modified = {2020-02-03 10:12:38 -0800},
	Pages = {1136--1145},
	Title = {Outta control: Laws of semantic change and inherent biases in word representation models},
	Year = {2017}}

@article{liu2019,
	Author = {Liu, Yinhan and Ott, Myle and Goyal, Naman and Du, Jingfei and Joshi, Mandar and Chen, Danqi and Levy, Omer and Lewis, Mike and Zettlemoyer, Luke and Stoyanov, Veselin},
	Date-Modified = {2020-02-03 10:12:38 -0800},
	Journal = {arXiv preprint arXiv:1907.11692},
	Title = {RoBERTa: A Robustly Optimized BERT Pretraining Approach},
	Year = {2019}}

@article{yang2019,
	Author = {Yang, Zhilin and Dai, Zihang and Yang, Yiming and Carbonell, Jaime and Salakhutdinov, Ruslan and Le, Quoc V},
	Date-Modified = {2020-02-03 10:12:38 -0800},
	Journal = {arXiv preprint arXiv:1906.08237},
	Title = {XLNet: Generalized Autoregressive Pretraining for Language Understanding},
	Year = {2019}}

@article{devlin2018,
	Author = {Devlin, Jacob and Chang, Ming-Wei and Lee, Kenton and Toutanova, Kristina},
	Date-Modified = {2020-02-03 10:12:38 -0800},
	Journal = {arXiv preprint arXiv:1810.04805},
	Title = {Bert: Pre-training of deep bidirectional transformers for language understanding},
	Year = {2018}}

@article{taumoepeau2006,
	Author = {Taumoepeau, Mele and Ruffman, Ted},
	Date-Modified = {2020-02-03 10:12:38 -0800},
	Journal = {Child development},
	Number = {2},
	Pages = {465--481},
	Publisher = {Wiley Online Library},
	Title = {Mother and infant talk about mental states relates to desire language and emotion understanding},
	Volume = {77},
	Year = {2006}}

@inproceedings{yurovsky2016,
	Author = {Yurovsky, Daniel and Doyle, Gabriel and Frank, Michael C},
	Booktitle = {CogSci},
	Date-Modified = {2020-02-03 10:12:38 -0800},
	Title = {Linguistic input is tuned to children's developmental level.},
	Year = {2016}}

@article{callanan1985,
	Author = {Callanan, Maureen A},
	Date-Modified = {2020-02-03 10:12:38 -0800},
	Journal = {Child Development},
	Pages = {508--523},
	Publisher = {JSTOR},
	Title = {How parents label objects for young children: The role of input in the acquisition of category hierarchies},
	Year = {1985}}

@book{harris2012,
	Author = {Harris, Paul L},
	Date-Modified = {2020-02-03 10:12:38 -0800},
	Publisher = {Harvard University Press},
	Title = {Trusting what you're told: How children learn from others},
	Year = {2012}}

@article{xu2019,
	Author = {Xu, Fei},
	Date-Modified = {2020-02-03 10:12:38 -0800},
	Journal = {Psychological review},
	Number = {6},
	Pages = {841},
	Publisher = {American Psychological Association},
	Title = {Towards a rational constructivist theory of cognitive development.},
	Volume = {126},
	Year = {2019}}

@article{engelthaler2017,
	Author = {Engelthaler, T. and Hills, Thomas T.},
	Date-Modified = {2020-02-03 10:12:38 -0800},
	Journal = {Cognitive science},
	Publisher = {Wiley Online Library},
	Title = {Feature biases in early word learning: network distinctiveness predicts age of acquisition},
	Volume = {41},
	Year = {2017}}

@article{gelman2009,
	Author = {Gelman, Susan A},
	Date-Modified = {2020-02-03 10:12:38 -0800},
	Journal = {Annual review of psychology},
	Pages = {115--140},
	Publisher = {Annual Reviews},
	Title = {Learning from others: Children's construction of concepts},
	Volume = {60},
	Year = {2009}}

@article{landauer1997,
	Author = {Landauer, Thomas K and Dumais, Susan T},
	Date-Modified = {2020-02-03 10:12:38 -0800},
	Journal = {Psychological review},
	Number = {2},
	Pages = {211},
	Publisher = {American Psychological Association},
	Title = {A solution to Plato's problem: The latent semantic analysis theory of acquisition, induction, and representation of knowledge.},
	Volume = {104},
	Year = {1997}}

@inproceedings{beckage2015,
	Author = {Beckage, Nicole and Aguilar, Ariel and Colunga, Eliana},
	Booktitle = {CogSci},
	Date-Modified = {2020-02-03 10:12:38 -0800},
	Title = {Modeling Lexical Acquisition Through Networks.},
	Year = {2015}}

@article{huebner2018,
	Author = {Huebner, Philip A and Willits, Jon A},
	Date-Modified = {2020-02-03 10:12:38 -0800},
	Journal = {Frontiers in psychology},
	Pages = {133},
	Publisher = {Frontiers},
	Title = {Structured semantic knowledge can emerge automatically from predicting word sequences in child-directed speech},
	Volume = {9},
	Year = {2018}}

@inproceedings{fourtassi2019,
	Author = {Fourtassi, Abdellah and Scheinfeld, Isaac and Frank, Michael C},
	Booktitle = {Proceedings of the Workshop on Cognitive Modeling and Computational Linguistics},
	Date-Modified = {2020-02-03 10:12:38 -0800},
	Pages = {129--133},
	Title = {The Development of Abstract Concepts in Children's Early Lexical Networks},
	Year = {2019}}

@article{newport1977,
	Author = {Newport, Elissa and Gleitman, Henry and Gleitman, Lila},
	Date-Modified = {2020-02-03 10:12:38 -0800},
	Title = {Mother, Id rather do it myself: Some effects and non-effects of maternal speech style},
	Year = {1977}}

@book{macwhinney2014,
	Author = {MacWhinney, Brian},
	Date-Modified = {2020-02-03 10:12:38 -0800},
	Publisher = {Psychology Press},
	Title = {The CHILDES project: Tools for analyzing talk, Volume II: The database},
	Year = {2014}}

@article{callon1991,
	Author = {Callon, Michel and Courtial, Jean Pierre and Laville, Francoise},
	Date-Modified = {2020-02-03 10:12:38 -0800},
	Journal = {Scientometrics},
	Number = {1},
	Pages = {155--205},
	Publisher = {Springer},
	Title = {Co-word analysis as a tool for describing the network of interactions between basic and technological research: The case of polymer chemsitry},
	Volume = {22},
	Year = {1991}}

@article{wagner2016,
	Author = {Wagner, Katie and Tillman, Katharine and Barner, David},
	Date-Modified = {2020-02-03 10:12:38 -0800},
	Journal = {Core Knowledge and Conceptual Change},
	Publisher = {Oxford University Press},
	Title = {Inferring number, time, and color concepts from core knowledge and linguistic structure},
	Volume = {105},
	Year = {2016}}
