
@article{chi1989,
  title={How inferences about novel domain-related concepts can be constrained by structured knowledge},
  author={Chi, Michelene TH and Hutchinson, Jean E and Robin, Anne F},
  journal={Merrill-Palmer Quarterly (1982-)},
  pages={27--62},
  year={1989},
  publisher={JSTOR}
}

@book{murphy2004big,
  title={The big book of concepts},
  author={Murphy, Gregory},
  year={2004},
  publisher={MIT press}
}

@book{frank2021variability,
  title={Variability and consistency in early language learning: The Wordbank project},
  author={Frank, Michael C and Braginsky, Mika and Yurovsky, Daniel and Marchman, Virginia A},
  year={2021},
  publisher={MIT Press}
}


@article{markman1984children,
  title={Children's sensitivity to constraints on word meaning: Taxonomic versus thematic relations},
  author={Markman, Ellen M and Hutchinson, Jean E},
  journal={Cognitive psychology},
  volume={16},
  number={1},
  pages={1--27},
  year={1984},
  publisher={Elsevier}
}


@article{spencer2011learning,
  title={Learning words in space and time: Probing the mechanisms behind the suspicious-coincidence effect},
  author={Spencer, John P and Perone, Sammy and Smith, Linda B and Samuelson, Larissa K},
  journal={Psychological science},
  volume={22},
  number={8},
  pages={1049--1057},
  year={2011},
  publisher={Sage Publications Sage CA: Los Angeles, CA}
}


@article{xu2007word,
  title={Word learning as Bayesian inference.},
  author={Xu, Fei and Tenenbaum, Joshua B},
  journal={Psychological review},
  volume={114},
  number={2},
  pages={245},
  year={2007},
  publisher={American Psychological Association}
}


@article{kemp2007learning,
  title={Learning overhypotheses with hierarchical Bayesian models},
  author={Kemp, Charles and Perfors, Andrew and Tenenbaum, Joshua B},
  journal={Developmental science},
  volume={10},
  number={3},
  pages={307--321},
  year={2007},
  publisher={Wiley Online Library}
}


@article{tenenbaum2006theory,
  title={Theory-based Bayesian models of inductive learning and reasoning},
  author={Tenenbaum, Joshua B and Griffiths, Thomas L and Kemp, Charles},
  journal={Trends in cognitive sciences},
  volume={10},
  number={7},
  pages={309--318},
  year={2006},
  publisher={Elsevier}
}


@article{saxe2019mathematical,
  title={A mathematical theory of semantic development in deep neural networks},
  author={Saxe, Andrew M and McClelland, James L and Ganguli, Surya},
  journal={Proceedings of the National Academy of Sciences},
  volume={116},
  number={23},
  pages={11537--11546},
  year={2019},
  publisher={National Acad Sciences}
}


@article{winer1980class,
  title={Class-inclusion reasoning in children: A review of the empirical literature},
  author={Winer, Gerald A},
  journal={Child Development},
  pages={309--328},
  year={1980},
  publisher={JSTOR}
}


@article{unger2020statistical,
  title={Statistical regularities shape semantic organization throughout development},
  author={Unger, Layla and Savic, Olivera and Sloutsky, Vladimir M},
  journal={Cognition},
  volume={198},
  pages={104190},
  year={2020},
  publisher={Elsevier}
}

@article{lucariello1992taxonomic,
  title={Taxonomic knowledge: What kind and when?},
  author={Lucariello, Joan and Kyratzis, Amy and Nelson, Katherine},
  journal={Child development},
  volume={63},
  number={4},
  pages={978--998},
  year={1992},
  publisher={Wiley Online Library}
}

@article{gentner1999comparison,
  title={Comparison in the development of categories},
  author={Gentner, Dedre and Namy, Laura L},
  journal={Cognitive development},
  volume={14},
  number={4},
  pages={487--513},
  year={1999},
  publisher={Elsevier}
}

@article{blaye2006categorical,
  title={Categorical flexibility in children: Distinguishing response flexibility from conceptual flexibility; the protracted development of taxonomic representations},
  author={Blaye, Agnes and Bernard-Peyron, V{\'e}ronique and Paour, Jean-Louis and Bonthoux, Fran{\c{c}}oise},
  journal={European Journal of Developmental Psychology},
  volume={3},
  number={2},
  pages={163--188},
  year={2006},
  publisher={Taylor \& Francis}
}


@book{carey1987,
  title={Conceptual Change in Childhood},
  author={Carey, S.},
  year={1987},
  publisher={MIT Press}
}

@Book{inagaki2002,
title = { Young children's naive thinking about the biological world},
author = { Inagaki, Kayoko and Hatano, Giyoo,},
publisher = { New York : Psychology Press },
year = { 2002 }
}


@article{keil1981,
  title={Constraints on knowledge and cognitive development.},
  author={Keil, Frank C},
  journal={Psychological review},
  volume={88},
  number={3},
  year={1981}
}


@article{sloutsky2015,
  title={Conceptual Development},
  author={Sloutsky, Vladimir},
  journal={Handbook of Child Psychology and Developmental Science},
  pages={1--50},
  year={2015},
  publisher={Wiley Online Library}
}

@book{inhelder2013,
  title={The early growth of logic in the child: Classification and seriation},
  author={Inhelder, Brbel and Piaget, Jean},
  year={2013},
  publisher={Routledge}
}


@article{apfelbaum2011,
  title={Using variability to guide dimensional weighting: Associative mechanisms in early word learning},
  author={Apfelbaum, K.S and McMurray, B.},
  journal={Cognitive Science},
  volume={35},
  number={6},
  year={2011},
  publisher={Wiley Online Library}
}

@book{piaget1954,
  title={The construction of reality in the child},
  author={Piaget, Jean},
  year={1954},
  publisher={New York, NY, US: Basic Books}
}

@book{carey2009,
  title={The origin of concepts},
  author={Carey, Susan},
  year={2009},
  publisher={Oxford University Press}
}

@inproceedings{lewis2013,
  title={An integrated model of concept learning and word-concept mapping},
  author={Lewis, Molly and Frank, Michael},
  booktitle={Proceedings of the Annual Meeting of the Cognitive Science Society},
  volume={35},
  number={35},
  year={2013}
}


@book{anderson1990,
  address = {Hillsdale, NJ},
  author = {Anderson, J. R.},
  publisher = {Erlbaum},
  title = {The adaptive character of thought},
  year = 1990
}

@article{sizemore2018,
  title={Knowledge gaps in the early growth of semantic feature networks},
  author={Sizemore, Ann E and Karuza, Elisabeth A and Giusti, Chad and Bassett, Danielle S},
  journal={Nature human behaviour},
  volume={2},
  number={9},
  year={2018},
  publisher={Nature Publishing Group}
}


@article{engelthaler2017,
  title={Feature biases in early word learning: network distinctiveness predicts age of acquisition},
  author={Engelthaler, T. and Hills, Thomas T.},
  journal={Cognitive science},
  volume={41},
  year={2017},
  publisher={Wiley Online Library}
}

@article{wojcik2013,
  title={The ontogeny of lexical networks: Toddlers encode the relationships among referents when learning novel words},
  author={Wojcik, E.H. and Saffran, J.R.},
  journal={Psychological science},
  volume={24},
  number={10},
  year={2013},
  publisher={Sage Publications Sage CA: Los Angeles, CA}
}


@inproceedings{hofer2017,
	Author = {Hofer, M. and Levy, R.},
	Booktitle = {{Proceedings of the 39th Annual Meeting of the Cognitive Science Society}},
	Title = {{Modeling Sources of Uncertainty in Spoken Word Learning}},
	Year = 2017}


@article{swingley2007,
  title={Lexical exposure and word-form encoding in 1.5-year-olds.},
  author={Swingley, D. },
  journal={Developmental psychology},
  volume={43},
  number={2},
  year={2007},
  publisher={American Psychological Association}
}

@article{barr2013,
  title={Random effects structure for confirmatory hypothesis testing: Keep it maximal},
  author={Barr, D.J. and Levy, R. and Scheepers, C. and Tily, H.J.},
  journal={Journal of memory and language},
  volume={68},
  number={3},
  year={2013},
  publisher={Elsevier}
}

@inproceedings{dutoit1996,
  title={The MBROLA project: Towards a set of high quality speech synthesizers free of use for non commercial purposes},
  author={Dutoit, Thierry and Pagel, Vincent and Pierret, Nicolas and Bataille, Fran{\c{c}}ois and Van der Vrecken, Olivier},
  booktitle={Proceedings of {ICSLP}},
  volume={3},
  year={1996},
  organization={IEEE}
}

@article{pajak2016,
  title={Difficulty in learning similar-sounding words: A developmental stage or a general property of learning?},
  author={Pajak, B. and Creel, S.C. and Levy, R.},
  journal={Journal of Experimental Psychology: Learning, Memory, and Cognition},
  volume={42},
  number={9},
  year={2016},
  publisher={American Psychological Association}
}

@article{white2013,
  title={Adults show less sensitivity to phonetic detail in unfamiliar words, too},
  author={White, K.S. and Yee, E. and Blumstein, S.E. and Morgan, J.L.},
  journal={Journal of Memory and Language},
  volume={68},
  number={4},
  year={2013},
  publisher={Elsevier}
}

@article{dautriche2015,
  title={Learning novel phonological neighbors: Syntactic category matters},
  author={Dautriche, I. and Swingley, D. and Christophe, A.},
  journal={Cognition},
  volume={143},
  year={2015},
  publisher={Elsevier}
}


@article{thiessen2007,
author = {Thiessen, E.D.},
title = {The effect of distributional information on children's use of phonemic contrasts},
year = {2007},
journal = {Journal of Memory and Language},
volume = {56}
}


@article{werker2002,
	Author = {Werker, J.F. and Fennell, C.T. and Corcoran, K.M. and Stager, C.L.},
	Journal = {Infancy},
	Title = {Infants' ability to learn phonetically similar words: Effects of age and vocabulary size},
	Volume = {3},
	Year = {2002}}

@article{fennell2010,
author = {Fennell, C.T. and Waxman, S.R.},
title = {What paradox? Referential cues allow for infant use of phonetic detail in word learning},
year = {2010},
journal = {Child Development},
volume = {81}
}

@article{clark1997,
  title={Conceptual perspective and lexical choice in acquisition},
  author={Clark, Eve V},
  journal={Cognition},
  volume={64},
  number={1},
  pages={1--37},
  year={1997},
  publisher={Elsevier}
}

@article{liu2001,
  title={One cow does not an animal make: Young children can extend novel words at the superordinate level},
  author={Liu, Jing and Golinkoff, Roberta Michnick and Sak, Kimberly},
  journal={Child Development},
  volume={72},
  number={6},
  pages={1674--1694},
  year={2001},
  publisher={Wiley Online Library}
}

@article{callanan1985,
  title={How parents label objects for young children: The role of input in the acquisition of category hierarchies},
  author={Callanan, Maureen A},
  journal={Child Development},
  pages={508--523},
  year={1985},
  publisher={JSTOR}
}

@article{blewitt1983,
  title={Dog versus collie: Vocabulary in speech to young children.},
  author={Blewitt, Pamela},
  journal={Developmental psychology},
  volume={19},
  number={4},
  year={1983},
  publisher={American Psychological Association}
}


@article{shipley1983,
  title={Mothers' use of superordinate category terms},
  author={Shipley, Elizabeth F and Kuhn, Ivy F and Madden, E Colby},
  journal={Journal of Child Language},
  volume={10},
  number={3},
  year={1983},
  publisher={Cambridge University Press}
}


@article{landauer1997,
  title={A solution to Plato's problem: The latent semantic analysis theory of acquisition, induction, and representation of knowledge.},
  author={Landauer, Thomas K and Dumais, Susan T},
  journal={Psychological review},
  volume={104},
  number={2},
  year={1997},
  publisher={American Psychological Association}
}

@inproceedings{mikolov2013,
  title={Distributed representations of words and phrases and their compositionality},
  author={Mikolov, Tomas and Sutskever, Ilya and Chen, Kai and Corrado, Greg S and Dean, Jeff},
  booktitle={Advances in neural information processing systems},
  pages={3111--3119},
  year={2013}
}


@article{huebner2018,
  title={Structured semantic knowledge can emerge automatically from predicting word sequences in child-directed speech},
  author={Huebner, Philip A and Willits, Jon A},
  journal={Frontiers in psychology},
  volume={9},
  pages={133},
  year={2018},
  publisher={Frontiers}
}

@article{jiang2022exploring,
  title={Exploring Patterns of Stability and Change in Caregivers' Word Usage Across Early Childhood},
  author={Jiang, Hang and Frank, Michael C and Kulkarni, Vivek and Fourtassi, Abdellah},
  journal={Cognitive Science},
  volume={46},
  number={7},
  pages={e13177},
  year={2022},
  publisher={Wiley Online Library}
}

@article{huttenlocher2010sources,
  title={Sources of variability in children’s language growth},
  author={Huttenlocher, Janellen and Waterfall, Heidi and Vasilyeva, Marina and Vevea, Jack and Hedges, Larry V},
  journal={Cognitive Psychology},
  volume={61},
  number={4},
  pages={343--365},
  year={2010},
  publisher={Elsevier}
}

@article{kunert2011adaptation,
  title={Adaptation in child directed speech: Evidence from corpora},
  author={Kunert, Richard and Fern{\'a}ndez, Raquel and Zuidema, Willem},
  journal={Proc. SemDial},
  pages={112--119},
  year={2011}
}

@inproceedings{fourtassi2019,
  title={The Development of Abstract Concepts in Children’s Early Lexical Networks},
  author={Fourtassi, Abdellah and Scheinfeld, Isaac and Frank, Michael C},
  booktitle={Proceedings of the Workshop on Cognitive Modeling and Computational Linguistics},
  pages={129--133},
  year={2019}
}

@inproceedings{fourtassi2014,
  title={Self-consistency as an inductive bias in early language acquisition},
  author={Fourtassi, Abdellah and Dunbar, Ewan and Dupoux, Emmanuel},
  booktitle={Proceedings of the annual meeting of the Cognitive Science Society},
  volume={36},
  year={2014}
}


@inproceedings{fourtassi2013,
  title={A corpus-based evaluation method for distributional semantic models},
  author={Fourtassi, Abdellah and Dupoux, Emmanuel},
  booktitle={51st annual meeting of the Association for Computational Linguistics proceedings of the student research workshop},
  pages={165--171},
  year={2013}
}




@article{rost2009,
author = {Rost, G.C. and  McMurray, B.},
title = {Speaker variability augments phonological processing in early word learning},
year = {2009},
journal = {Developmental Science},
volume = {12}
}


@article{yoshida2009,
author = {Yoshida, K. and Fennell, C.T. and  Swingley, D. and Werker, J.F.},
title = {14-month-olds learn similar-sounding words},
year = {2009},
journal = {Developmental Science},
volume = {12}
}



@article{stager1997,
author = {Stager, C.L. and Werker, J.F.},
title = {Infants listen for more phonetic detail in speech perception than in word-learning tasks},
year = {1997},
journal = {Nature} ,
number = {6640},
volume = {388}
}

@article{werker1984,
	Author = {Werker, J.F. and Tees, R.C.},
	Journal = {Infant Behavior and Development},
	Title = {Cross-language speech perception: Evidence for perceptual reorganization during the first year of life},
	Volume = {7},
	Year = {1984}}

@article{goodman2008,
title={Does frequency count? Parental input and the acquisition of vocabulary},
volume={35},
number={3}, journal={Journal of Child Language},
publisher={Cambridge University Press},
author={Goodman, Judith C. and Dale, Philip S. and Li, Ping},
year={2008},
pages={515--531}}

@inproceedings{braginsky2016,
	Author = {Braginsky, Mika and Yurovsky, Daniel and Marchman, Virginia A and Frank, Michael C.},
	Booktitle = {{Proceedings of the 38th Annual Conference of the Cognitive Science Society}},
	Title = {From uh-oh to tomorrow: Predicting age of acquisition for early words across languages},
	Year = {2016}}

@article{stokes2010,
author = {Stokes, Stephanie F.},
title = {Neighborhood Density and Word Frequency Predict Vocabulary Size in Toddlers},
journal = {Journal of Speech, Language, and Hearing Research},
volume = {53},
number = {3},
pages = {670-683},
year = {2010}
}

@article{storkel2009,
 title={Developmental differences in the effects of phonological, lexical and semantic variables on word learning by infants},
  volume={36},

    number={2},
     journal={Journal of Child Language},
     publisher={Cambridge University Press},
     author={Storkel, Holly L.},
     year={2009},
     pages={29--321}}


  @article {steyvers2005,
author = {Steyvers, Mark and Tenenbaum, Joshua B.},
title = {The Large-Scale Structure of Semantic Networks: Statistical Analyses and a Model of Semantic Growth},
journal = {Cognitive Science},
volume = {29},
number = {1},
publisher = {Lawrence Erlbaum Associates, Inc.},
pages = {41--78},
year = {2005}
}


@article{smith2008,
title = "Infants rapidly learn word-referent mappings via cross-situational statistics",
journal = "Cognition",
volume = "106",
number = "3",
pages = "1558 - 1568",
year = "2008",
author = "Linda Smith and Chen Yu"
}

@article{hills2009,
author = {Thomas T. Hills and Mounir Maouene and Josita Maouene and Adam Sheya and Linda Smith},
title ={Longitudinal Analysis of Early Semantic Networks: Preferential Attachment or Preferential Acquisition?},
journal = {Psychological Science},
volume = {20},
number = {6},
pages = {729-739},
year = {2009}
}

@article{frank2017,
 title={Wordbank: an open repository for developmental vocabulary data},
 volume={44},
 number={3},
  journal={Journal of Child Language},
 publisher={Cambridge University Press},
 author={Frank, Michael C. and Braginsky, Mika and Yurovsky, Daniel and Marchman, Virginia A.},
 year={2017},
 pages={677--694}}


@electronic{nelson1998,
  author = {Nelson, D. L. and McEvoy,  C. L. and Schreiber, T. A.},
  title = {The {U}niversity of {S}outh {F}lorida word association, rhyme, and word fragment norms},
  url = {http://w3.usf.edu/FreeAssociation/},
  year = 1998
}

@article{pisoni1985,
title = "Speech perception, word recognition and the structure of the lexicon",
journal = "Speech Communication",
volume = "4",
number = "1",
pages = "75 - 95",
year = "1985",
author = "David B. Pisoni and Howard C. Nusbaum and Paul A. Luce and Louisa M. Slowiaczek"
}


@ARTICLE{griffiths07,
    author = {Thomas L. Griffiths and Mark Steyvers and Joshua B. Tenenbaum },
    title = {Topics in semantic representation},
    journal = {Psychological Review},
    year = {2007},
    volume = {114},
    number = {2},
    pages = {2007}
}

@article {saffran1996,
	author = {Saffran, Jenny R. and Aslin, Richard N. and Newport, Elissa L.},
	title = {Statistical Learning by 8-Month-Old Infants},
	volume = {274},
	number = {5294},
	pages = {1926--1928},
	year = {1996},
	publisher = {American Association for the Advancement of Science},
	journal = {Science}
}


@article{callanan1989,
  title={Development of object categories and inclusion relations: Preschoolers' hypotheses about word meanings.},
  author={Callanan, Maureen A},
  journal={Developmental Psychology},
  volume={25},
  number={2},
  year={1989},
  publisher={American Psychological Association}
}



@article{fisher2011,
  title={Semantic similarity of labels and inductive generalization: Taking a second look},
  author={Fisher, Anna V and Matlen, Bryan J and Godwin, Karrie E},
  journal={Cognition},
  volume={118},
  number={3},
  year={2011},
  publisher={Elsevier}
}

@article{matlen2015,
  title={The influence of label co-occurrence and semantic similarity on children’s inductive generalization},
  author={Matlen, Bryan J and Fisher, Anna V and Godwin, Karrie E},
  journal={Frontiers in psychology},
  volume={6},
  year={2015},
  publisher={Frontiers}
}

@book{macwhinney2014,
  title={The CHILDES project: Tools for analyzing talk, Volume II: The database},
  author={MacWhinney, Brian},
  year={2014},
  publisher={Psychology Press}
}


@article{sanchez2019,
  title={childes-db: A flexible and reproducible interface to the child language data exchange system},
  author={Sanchez, Alessandro and Meylan, Stephan C and Braginsky, Mika and MacDonald, Kyle E and Yurovsky, Daniel and Frank, Michael C},
  journal={Behavior research methods},
  volume={51},
  number={4},
  pages={1928--1941},
  year={2019},
  publisher={Springer}
}

@article{harris1957,
  title={Co-occurrence and transformation in linguistic structure},
  author={Harris, Zellig S},
  journal={Language},
  volume={33},
  number={3},
  year={1957}
}


@article{medin2010,
  title={Culture and the home-field disadvantage},
  author={Medin, Douglas and Bennis, Will and Chandler, Michael},
  journal={Perspectives on Psychological Science},
  volume={5},
  number={6},
  year={2010},
  publisher={Sage Publications Sage CA: Los Angeles, CA}
}

@article{vitevitch1999,
title = "Phonotactics, Neighborhood Activation, and Lexical Access for Spoken Words",
journal = "Brain and Language",
volume = "68",
number = "1",
pages = "306 - 311",
year = "1999",
author = "Michael S. Vitevitch and Paul A. Luce and David B. Pisoni and Edward T. Auer"
}


@article{jusczyk1994,
title = "Infant's Sensitivity to Phonotactic Patterns in the Native Language",
journal = "Journal of Memory and Language",
volume = "33",
number = "5",
pages = "630 - 645",
year = "1994",
author = "Peter W. Jusczyk and Paul A. Luce and Jan Charles-Luce"
}


@article{storkel2001,
author = {Storkel, Holly L.},
title = {Learning New Words: Phonotactic Probability in Language Development},
journal = {Journal of Speech, Language, and Hearing Research},
volume = {44},
number = {6},
pages = {1321-1337},
year = {2001}
}


@article{higgins2014,
author = {Michelle MacRoy-Higgins and Valerie L Shafer and Richard G Schwartz and Klara Marton},
title ={The influence of phonotactic probability on word recognition in toddlers},
journal = {Child Language Teaching and Therapy},
volume = {30},
number = {1},
pages = {117-130},
year = {2014}
}


@article{beckage2011,
    author = {Beckage, Nicole M. and  Smith, Linda and Hills, Thomas T.},
    journal = {PLOS ONE},
    publisher = {Public Library of Science},
    title = {Small Worlds and Semantic Network Growth in Typical and Late Talkers},
    year = {2011},
    month = {05},
    volume = {6},
    pages = {1-6},
    number = {5}
}


@Article{stella2017,
author={Stella, Massimo
and Beckage, Nicole M.
and Brede, Markus},
title={Multiplex lexical networks reveal patterns in early word acquisition in children},
journal={Scientific Reports},
year={2017},
day={24},
volume={7}
}


@article{hills2010,
title = "The associative structure of language: Contextual diversity in early word learning",
journal = "Journal of Memory and Language",
volume = "63",
number = "3",
pages = "259 - 273",
year = "2010",
author = "Thomas T. Hills and Josita Maouene and Brian Riordan and Linda B. Smith"
}


@misc{dippl,
  title = {{The Design and Implementation of Probabilistic Programming Languages}},
  author = {Goodman, Noah and Stuhlmuller, Andreas},
  year = {2014},
  howpublished = {\url{http://dippl.org}}
}


@article {engelthaler2017,
author = {Engelthaler, Tomas and Hills, Thomas T.},
title = {Feature Biases in Early Word Learning: Network Distinctiveness Predicts Age of Acquisition},
journal = {Cognitive Science},
volume = {41},
issn = {1551-6709},
pages = {120--140},
year = {2017}
}


@article {barabasi99,
	author = {Barabasi, Albert-Laszlo and Albert, Reka},
	title = {Emergence of Scaling in Random Networks},
	volume = {286},
	number = {5439},
	pages = {509--512},
	year = {1999},
	journal = {Science}
}


@article {markman90,
author = {Markman, Ellen M.},
title = {Constraints Children Place on Word Meanings},
journal = {Cognitive Science},
volume = {14},
number = {1},
publisher = {Lawrence Erlbaum Associates, Inc.},
pages = {57--77},
year = {1990},
}


@article {roy2015,
	author = {Roy, Brandon C. and Frank, Michael C. and DeCamp, Philip and Miller, Matthew and Roy, Deb},
	title = {Predicting the birth of a spoken word},
	volume = {112},
	number = {41},
	pages = {12663--12668},
	year = {2015},
	publisher = {National Academy of Sciences},
	journal = {Proceedings of the National Academy of Sciences}
}


@article{fenson94,
 author = {Larry Fenson and Philip S. Dale and J. Steven Reznick and Elizabeth Bates and Donna J. Thal and Stephen J. Pethick and Michael Tomasello and Carolyn B. Mervis and Joan Stiles},
 journal = {Monographs of the Society for Research in Child Development},
 number = {5},
 pages = {i-185},
 publisher = {[Society for Research in Child Development, Wiley]},
 title = {Variability in Early Communicative Development},
 volume = {59},
 year = {1994}
}


@article{gillespie15,
    title = {Fitting Heavy Tailed Distributions: The {poweRlaw} Package},
    author = {Colin S. Gillespie},
    journal = {Journal of Statistical Software},
    year = {2015},
    volume = {64},
    number = {2},
    pages = {1--16},
    url = {http://www.jstatsoft.org/v64/i02/},
  }


@article{clauset09,
author = {Aaron Clauset and Cosma Rohilla Shalizi and M. E. J. Newman},
title = {Power-Law Distributions in Empirical Data},
journal = {SIAM Review},
volume = {51},
number = {4},
pages = {661-703},
year = {2009}
}
@Manual{R-apsrtable,
  title = {apsrtable: apsrtable model-output formatter for social science},
  author = {Michael Malecki},
  year = {2012},
  note = {R package version 0.8-8},
  url = {https://CRAN.R-project.org/package=apsrtable},
}
@Manual{R-base,
  title = {R: A Language and Environment for Statistical Computing},
  author = {{R Core Team}},
  organization = {R Foundation for Statistical Computing},
  address = {Vienna, Austria},
  year = {2019},
  url = {https://www.R-project.org/},
}
@Manual{R-BBmisc,
  title = {BBmisc: Miscellaneous Helper Functions for B. Bischl},
  author = {Bernd Bischl and Michel Lang and Jakob Bossek and Daniel Horn and Jakob Richter and Dirk Surmann},
  year = {2017},
  note = {R package version 1.11},
  url = {https://CRAN.R-project.org/package=BBmisc},
}
@Book{R-boot,
  title = {Bootstrap Methods and Their Applications},
  author = {A. C. Davison and D. V. Hinkley},
  publisher = {Cambridge University Press},
  address = {Cambridge},
  year = {1997},
  note = {ISBN 0-521-57391-2},
  url = {http://statwww.epfl.ch/davison/BMA/},
}
@Manual{R-broom,
  title = {broom: Convert Statistical Objects into Tidy Tibbles},
  author = {David Robinson and Alex Hayes and Simon Couch},
  year = {2020},
  note = {https://broom.tidymodels.org/, https://github.com/tidymodels/broom},
}
@Manual{R-childesr,
  title = {childesr: Accessing the 'CHILDES' Database},
  author = {Mika Braginsky and Alessandro Sanchez and Daniel Yurovsky},
  year = {2019},
  note = {R package version 0.1.1},
  url = {https://CRAN.R-project.org/package=childesr},
}
@Manual{R-cluster,
  title = {cluster: Cluster Analysis Basics and Extensions},
  author = {Martin Maechler and Peter Rousseeuw and Anja Struyf and Mia Hubert and Kurt Hornik},
  year = {2019},
  note = {R package version 2.1.0 --- For new features, see the 'Changelog' file (in the package source)},
}
@Manual{R-directlabels,
  title = {directlabels: Direct Labels for Multicolor Plots},
  author = {Toby Dylan Hocking},
  year = {2020},
  note = {R package version 2020.6.17},
  url = {https://CRAN.R-project.org/package=directlabels},
}
@Manual{R-dplyr,
  title = {dplyr: A Grammar of Data Manipulation},
  author = {Hadley Wickham and Romain François and Lionel {
             Henry} and Kirill Müller},
  year = {2020},
  note = {R package version 1.0.2},
  url = {https://CRAN.R-project.org/package=dplyr},
}
@Manual{R-extraDistr,
  title = {extraDistr: Additional Univariate and Multivariate Distributions},
  author = {Tymoteusz Wolodzko},
  year = {2019},
  note = {R package version 1.8.11},
  url = {https://CRAN.R-project.org/package=extraDistr},
}
@Manual{R-factoextra,
  title = {factoextra: Extract and Visualize the Results of Multivariate Data Analyses},
  author = {Alboukadel Kassambara and Fabian Mundt},
  year = {2017},
  note = {R package version 1.0.5},
  url = {https://CRAN.R-project.org/package=factoextra},
}
@Manual{R-feather,
  title = {feather: R Bindings to the Feather 'API'},
  author = {Hadley Wickham},
  year = {2019},
  note = {R package version 0.3.5},
  url = {https://CRAN.R-project.org/package=feather},
}
@Manual{R-forcats,
  title = {forcats: Tools for Working with Categorical Variables (Factors)},
  author = {Hadley Wickham},
  year = {2019},
  note = {R package version 0.4.0},
  url = {https://CRAN.R-project.org/package=forcats},
}
@Manual{R-ggcorrplot,
  title = {ggcorrplot: Visualization of a Correlation Matrix using 'ggplot2'},
  author = {Alboukadel Kassambara},
  year = {2019},
  note = {R package version 0.1.3},
  url = {https://CRAN.R-project.org/package=ggcorrplot},
}
@Book{R-ggplot2,
  author = {Hadley Wickham},
  title = {ggplot2: Elegant Graphics for Data Analysis},
  publisher = {Springer-Verlag New York},
  year = {2016},
  isbn = {978-3-319-24277-4},
  url = {https://ggplot2.tidyverse.org},
}
@Manual{R-ggthemes,
  title = {ggthemes: Extra Themes, Scales and Geoms for 'ggplot2'},
  author = {Jeffrey B. Arnold},
  year = {2019},
  note = {R package version 4.2.0},
  url = {https://CRAN.R-project.org/package=ggthemes},
}
@Manual{R-HDInterval,
  title = {HDInterval: Highest (Posterior) Density Intervals},
  author = {Mike Meredith and John Kruschke},
  year = {2020},
  note = {R package version 0.2.2},
  url = {https://CRAN.R-project.org/package=HDInterval},
}
@Article{R-jsonlite,
  title = {The jsonlite Package: A Practical and Consistent Mapping Between JSON Data and R Objects},
  author = {Jeroen Ooms},
  journal = {arXiv:1403.2805 [stat.CO]},
  year = {2014},
  url = {https://arxiv.org/abs/1403.2805},
}
@Manual{R-kableExtra,
  title = {kableExtra: Construct Complex Table with 'kable' and Pipe Syntax},
  author = {Hao Zhu},
  year = {2020},
  note = {R package version 1.3.1},
  url = {https://CRAN.R-project.org/package=kableExtra},
}
@Book{R-lattice,
  title = {Lattice: Multivariate Data Visualization with R},
  author = {Deepayan Sarkar},
  publisher = {Springer},
  address = {New York},
  year = {2008},
  note = {ISBN 978-0-387-75968-5},
  url = {http://lmdvr.r-forge.r-project.org},
}
@Article{R-lme4,
  title = {Fitting Linear Mixed-Effects Models Using {lme4}},
  author = {Douglas Bates and Martin M{\"a}chler and Ben Bolker and Steve Walker},
  journal = {Journal of Statistical Software},
  year = {2015},
  volume = {67},
  number = {1},
  pages = {1--48},
  doi = {10.18637/jss.v067.i01},
}
@Article{R-lmtest,
  title = {Diagnostic Checking in Regression Relationships},
  author = {Achim Zeileis and Torsten Hothorn},
  journal = {R News},
  year = {2002},
  volume = {2},
  number = {3},
  pages = {7--10},
  url = {https://CRAN.R-project.org/doc/Rnews/},
}
@Book{R-MASS,
  title = {Modern Applied Statistics with S},
  author = {W. N. Venables and B. D. Ripley},
  publisher = {Springer},
  edition = {Fourth},
  address = {New York},
  year = {2002},
  note = {ISBN 0-387-95457-0},
  url = {http://www.stats.ox.ac.uk/pub/MASS4},
}
@Manual{R-Matrix,
  title = {Matrix: Sparse and Dense Matrix Classes and Methods},
  author = {Douglas Bates and Martin Maechler},
  year = {2019},
  note = {R package version 1.2-17},
  url = {https://CRAN.R-project.org/package=Matrix},
}
@Manual{R-memisc,
  title = {memisc: Management of Survey Data and Presentation of Analysis Results},
  author = {Martin Elff},
  year = {2020},
  note = {R package version 0.99.27.3},
  url = {https://CRAN.R-project.org/package=memisc},
}
@Article{R-NbClust,
  title = {{NbClust}: An {R} Package for Determining the Relevant Number of Clusters in a Data Set},
  author = {Malika Charrad and Nadia Ghazzali and V{\'e}ronique Boiteau and Azam Niknafs},
  journal = {Journal of Statistical Software},
  year = {2014},
  volume = {61},
  number = {6},
  pages = {1--36},
  url = {http://www.jstatsoft.org/v61/i06/},
}
@Manual{R-nlme,
  title = {{nlme}: Linear and Nonlinear Mixed Effects Models},
  author = {Jose Pinheiro and Douglas Bates and Saikat DebRoy and Deepayan Sarkar and {R Core Team}},
  year = {2019},
  note = {R package version 3.1-140},
  url = {https://CRAN.R-project.org/package=nlme},
}
@Manual{R-papaja,
  author = {Frederik Aust and Marius Barth},
  title = {{papaja}: {Create} {APA} manuscripts with {R Markdown}},
  year = {2020},
  note = {R package version 0.1.0.9997},
  url = {https://github.com/crsh/papaja},
}
@Article{R-plyr,
  title = {The Split-Apply-Combine Strategy for Data Analysis},
  author = {Hadley Wickham},
  journal = {Journal of Statistical Software},
  year = {2011},
  volume = {40},
  number = {1},
  pages = {1--29},
  url = {http://www.jstatsoft.org/v40/i01/},
}
@Manual{R-png,
  title = {png: Read and write PNG images},
  author = {Simon Urbanek},
  year = {2013},
  note = {R package version 0.1-7},
  url = {https://CRAN.R-project.org/package=png},
}
@Article{R-pROC,
  title = {pROC: an open-source package for R and S+ to analyze and compare ROC curves},
  author = {Xavier Robin and Natacha Turck and Alexandre Hainard and Natalia Tiberti and Frédérique Lisacek and Jean-Charles Sanchez and Markus Müller},
  year = {2011},
  journal = {BMC Bioinformatics},
  volume = {12},
  pages = {77},
}
@Manual{R-purrr,
  title = {purrr: Functional Programming Tools},
  author = {Lionel Henry and Hadley Wickham},
  year = {2020},
  note = {R package version 0.3.4},
  url = {https://CRAN.R-project.org/package=purrr},
}
@Manual{R-readr,
  title = {readr: Read Rectangular Text Data},
  author = {Hadley Wickham and Jim Hester and Romain Francois},
  year = {2018},
  note = {R package version 1.3.1},
  url = {https://CRAN.R-project.org/package=readr},
}
@Article{R-reshape2,
  title = {Reshaping Data with the {reshape} Package},
  author = {Hadley Wickham},
  journal = {Journal of Statistical Software},
  year = {2007},
  volume = {21},
  number = {12},
  pages = {1--20},
  url = {http://www.jstatsoft.org/v21/i12/},
}
@Manual{R-stargazer,
  title = {stargazer: Well-Formatted Regression and Summary Statistics Tables},
  author = {Marek Hlavac},
  year = {2018},
  note = {R package version 5.2.2},
  organization = {Central European Labour Studies Institute (CELSI)},
  address = {Bratislava, Slovakia},
  url = {https://CRAN.R-project.org/package=stargazer},
}
@Manual{R-stringr,
  title = {stringr: Simple, Consistent Wrappers for Common String Operations},
  author = {Hadley Wickham},
  year = {2019},
  note = {R package version 1.4.0},
  url = {https://CRAN.R-project.org/package=stringr},
}
@Manual{R-text2vec,
  title = {text2vec: Modern Text Mining Framework for R},
  author = {Dmitriy Selivanov and Qing Wang},
  year = {2018},
  note = {R package version 0.5.1},
  url = {https://CRAN.R-project.org/package=text2vec},
}
@Manual{R-tibble,
  title = {tibble: Simple Data Frames},
  author = {Kirill Müller and Hadley Wickham},
  year = {2020},
  note = {R package version 3.0.4},
  url = {https://CRAN.R-project.org/package=tibble},
}
@Manual{R-tidyr,
  title = {tidyr: Tidy Messy Data},
  author = {Hadley Wickham},
  year = {2020},
  note = {R package version 1.1.2},
  url = {https://CRAN.R-project.org/package=tidyr},
}
@Manual{R-tidyverse,
  title = {tidyverse: Easily Install and Load the 'Tidyverse'},
  author = {Hadley Wickham},
  year = {2017},
  note = {R package version 1.2.1},
  url = {https://CRAN.R-project.org/package=tidyverse},
}
@Manual{R-wordVectors,
  title = {wordVectors: Tools for creating and analyzing vector-space models of texts},
  author = {Ben Schmidt and Jian Li},
  year = {2019},
  note = {R package version 2.0},
  url = {http://github.com/bmschmidt/wordVectors},
}
@Manual{R-xtable,
  title = {xtable: Export Tables to LaTeX or HTML},
  author = {David B. Dahl and David Scott and Charles Roosen and Arni Magnusson and Jonathan Swinton},
  year = {2019},
  note = {R package version 1.8-4},
  url = {https://CRAN.R-project.org/package=xtable},
}
@Article{R-zoo,
  title = {zoo: S3 Infrastructure for Regular and Irregular Time Series},
  author = {Achim Zeileis and Gabor Grothendieck},
  journal = {Journal of Statistical Software},
  year = {2005},
  volume = {14},
  number = {6},
  pages = {1--27},
  doi = {10.18637/jss.v014.i06},
}
@article{gelman1988,
  title={Children's inductive inferences within superordinate categories: The role of language and category structure},
  author={Gelman, Susan A and O'Reilly, Anne Watson},
  journal={Child Development},
  pages={876--887},
  year={1988},
}
@book{markman1989,
  title={Categorization and naming in children: Problems of induction},
  author={Markman, Ellen M},
  year={1989},
  publisher={MIT Press}
}
@article{madole1999,
  title={Making sense of infant categorization: Stable processes and changing representations},
  author={Madole, Kelly L and Oakes, Lisa M},
  journal={Developmental Review},
  volume={19},
  number={2},
  pages={263--296},
  year={1999}
}
@article{mcclelland2003,
  title={The parallel distributed processing approach to semantic cognition},
  author={McClelland, James L and Rogers, Timothy T},
  journal={Nature Reviews Neuroscience},
  volume={4},
  number={4},
  pages={310--322},
  year={2003}
}
@article{quinn2000,
  title={The emergence of category representations during infancy: Are separate perceptual and conceptual processes required?},
  author={Quinn, Paul C and Eimas, Peter D},
  journal={Journal of Cognition and Development},
  volume={1},
  number={1},
  pages={55--61},
  year={2000}
}
@article{sloutsky2010,
  title={From perceptual categories to concepts: What develops?},
  author={Sloutsky, Vladimir M},
  journal={Cognitive Science},
  volume={34},
  number={7},
  pages={1244--1286},
  year={2010}
}
@incollection{smith1992,
  title={Perceptual similarity and conceptual structure},
  author={Smith, Linda B and Heise, Diana},
  booktitle={Advances in Psychology},
  volume={93},
  pages={233--272},
  year={1992}
}
@article{kim2019,
  title={Knowledge of animal appearance among sighted and blind adults},
  author={Kim, Judy S and Elli, Giulia V and Bedny, Marina},
  journal={Proceedings of the National Academy of Sciences},
  volume={116},
  number={23},
  pages={11213--11222},
  year={2019}
}
@article{lewis2019,
  title={Distributional semantics as a source of visual knowledge},
  author={Lewis, Molly and Zettersten, Martin and Lupyan, Gary},
  journal={Proceedings of the National Academy of Sciences},
  volume={116},
  number={39},
  pages={19237--19238},
  year={2019}
}
@article{waddy1982,
  title={Biological classification from a Groote Eylandt Aborigine's point of view},
  author={Waddy, Julie Anne},
  journal={Journal of Ethnobiology},
  volume={2},
  number={1},
  pages={63--77},
  year={1982}
}
@article{gelman2009,
  title={Learning from others: Children's construction of concepts},
  author={Gelman, Susan A},
  journal={Annual Review of Psychology},
  volume={60},
  pages={115--140},
  year={2009}
}


@article{frermann2016incremental,
  title={Incremental bayesian category learning from natural language},
  author={Frermann, Lea and Lapata, Mirella},
  journal={Cognitive Science},
  volume={40},
  number={6},
  pages={1333--1381},
  year={2016},
  publisher={Wiley Online Library}
}


@inproceedings{fourtassi2020word,
  title={Word Co-occurrence in Child-Directed Speech Predicts Children’s Free Word Associations},
  author={Fourtassi, Abdellah},
  booktitle={Proceedings of the Workshop on Cognitive Modeling and Computational Linguistics},
  pages={49--53},
  year={2020}
}


@article{andrews2009integrating,
  title={Integrating experiential and distributional data to learn semantic representations.},
  author={Andrews, Mark and Vigliocco, Gabriella and Vinson, David},
  journal={Psychological Review},
  volume={116},
  number={3},
  pages={463},
  year={2009},
  publisher={American Psychological Association}
}


@article{ervin1961changes,
  title={Changes with age in the verbal determinants of word-association},
  author={Ervin, Susan M},
  journal={The American journal of psychology},
  volume={74},
  number={3},
  pages={361--372},
  year={1961},
  publisher={JSTOR}
}

@article{brown1960word,
  title={Word association and the acquisition of grammar},
  author={Brown, Roger and Berko, Jean},
  journal={Child development},
  pages={1--14},
  year={1960},
  publisher={JSTOR}
}

@article{mcneill1963origin,
  title={The origin of associations within the same grammatical class},
  author={McNeill, David},
  journal={Journal of Verbal Learning and Verbal Behavior},
  volume={2},
  number={3},
  pages={250--262},
  year={1963},
  publisher={Elsevier}
}


@article{landauer1997solution,
  title={A solution to Plato's problem: The latent semantic analysis theory of acquisition, induction, and representation of knowledge.},
  author={Landauer, Thomas K and Dumais, Susan T},
  journal={Psychological review},
  volume={104},
  number={2},
  pages={211},
  year={1997},
  publisher={American Psychological Association}
}


@article{csibra2009,
  title={Natural pedagogy},
  author={Csibra, Gergely and Gergely, Gy{\"o}rgy},
  journal={Trends in Cognitive Sciences},
  volume={13},
  number={4},
  pages={148--153},
  year={2009}
}
@article{frermann2016,
  title={Incremental bayesian category learning from natural language},
  author={Frermann, Lea and Lapata, Mirella},
  journal={Cognitive Science},
  volume={40},
  number={6},
  pages={1333--1381},
  year={2016}
}
@article{sloutsky2017,
  title={An associative account of the development of word learning},
  author={Sloutsky, Vladimir M and Yim, Hyungwook and Yao, Xin and Dennis, Simon},
  journal={Cognitive Psychology},
  volume={97},
  pages={1--30},
  year={2017}
}
@book{macwhinney2000,
  title={The CHILDES Project: Tools for analyzing talk. transcription format and programs},
  author={MacWhinney, Brian},
  volume={1},
  year={2000},
  publisher={Psychology Press}
}
@article{sanchez2019,
  title={childes-db: A flexible and reproducible interface to the child language data exchange system},
  author={Sanchez, Alessandro and Meylan, Stephan C and Braginsky, Mika and MacDonald, Kyle E and Yurovsky, Daniel and Frank, Michael C},
  journal={Behavior Research Methods},
  volume={51},
  number={4},
  pages={1928--1941},
  year={2019},
  publisher={Springer}
}
@book{marr1982,
  author = {Marr, David},
  isbn = {0716715678},
  publisher = {Henry Holt and Co., Inc.},
  title = {Vision: A Computational Investigation into the Human Representation and Processing of Visual Information},
  year ={1982}
}
@article{bannard2008,
  title={Stored word sequences in language learning: The effect of familiarity on children's repetition of four-word combinations},
  author={Bannard, Colin and Matthews, Danielle},
  journal={Psychological Science},
  volume={19},
  number={3},
  pages={241--248},
  year={2008},
  publisher={SAGE Publications Sage CA: Los Angeles, CA}
}
@article{wojcik2015,
  title={Toddlers encode similarities among novel words from meaningful sentences},
  author={Wojcik, Erica H and Saffran, Jenny R},
  journal={Cognition},
  volume={138},
  pages={10--20},
  year={2015},
  publisher={Elsevier}
}
@article{lany2011,
  title={Interactions between statistical and semantic information in infant language development},
  author={Lany, Jill and Saffran, Jenny R},
  journal={Developmental Science},
  volume={14},
  number={5},
  pages={1207--1219},
  year={2011},
  publisher={Wiley Online Library}
}
@article{unger2021,
  title={The emergence of richly organized semantic knowledge from simple statistics: A synthetic review},
  author={Unger, Layla and Fisher, Anna V},
  journal={Developmental Review},
  volume={60},
  pages={100949},
  year={2021},
  publisher={Elsevier}
}
@article{sadeghi2015,
  title={You shall know an object by the company it keeps: An investigation of semantic representations derived from object co-occurrence in visual scenes},
  author={Sadeghi, Zahra and McClelland, James L and Hoffman, Paul},
  journal={Neuropsychologia},
  volume={76},
  pages={52--61},
  year={2015},
  publisher={Elsevier}
}
@article{andrews2014,
  title={Reconciling embodied and distributional accounts of meaning in language},
  author={Andrews, Mark and Frank, Stefan and Vigliocco, Gabriella},
  journal={Topics in cognitive science},
  volume={6},
  number={3},
  pages={359--370},
  year={2014},
  publisher={Wiley Online Library}
}
@article{bruni2014,
  title={Multimodal distributional semantics},
  author={Bruni, Elia and Tran, Nam-Khanh and Baroni, Marco},
  journal={Journal of Artificial Intelligence Research},
  volume={49},
  pages={1--47},
  year={2014}
}
@article{rogoff2018,
  title={The importance of understanding children’s lived experience},
  author={Rogoff, Barbara and Dahl, Audun and Callanan, Maureen},
  journal={Developmental Review},
  volume={50},
  pages={5--15},
  year={2018},
  publisher={Elsevier}
}
@book{harris2012,
  title={Trusting what you’re told},
  author={Harris, Paul L},
  year={2012},
  publisher={Harvard University Press}
}
@Book{R-knitr,
  title = {Dynamic Documents with {R} and knitr},
  author = {Yihui Xie},
  publisher = {Chapman and Hall/CRC},
  address = {Boca Raton, Florida},
  year = {2015},
  edition = {2nd},
  note = {ISBN 978-1498716963},
  url = {https://yihui.org/knitr/},
}
@Manual{R-textshape,
  title = {{textshape}: Tools for Reshaping Text},
  author = {Tyler W. Rinker},
  address = {Buffalo, New York},
  note = {version 1.7.3},
  year = {2021},
  url = {https://github.com/trinker/textshape},
}
