@article{Zhao2019,
title = "Similarity of referents influences the learning of phonological word forms: Evidence from concurrent word learning",
journal = "Cognition",
volume = "190",
pages = "42 - 60",
year = "2019",
author = "Libo Zhao and Stephanie Packard and Bob McMurray and Prahlad Gupta",
}


 @book{marr1982,
  title={Vision},
  author={Marr, David},
  year={1982},
  publisher={WH Freeman}
}

@article{swingley2000,
  title={Spoken word recognition and lexical representation in very young children},
  author={Swingley, Daniel and Aslin, Richard N},
  journal={Cognition},
  volume={76},
  number={2},
  pages={147--166},
  year={2000}
}


@article{swingley2002,
  title={Lexical neighborhoods and the word-form representations of 14-month-olds},
  author={Swingley, Daniel and Aslin, Richard N},
  journal={Psychological science},
  volume={13},
  number={5},
  pages={480--484},
  year={2002},
  publisher={SAGE Publications Sage CA: Los Angeles, CA}
}

@article{swingley2003,
  title={Phonetic detail in the developing lexicon},
  author={Swingley, Daniel},
  journal={Language and speech},
  volume={46},
  number={2-3},
  pages={265--294},
  year={2003}
}

@article{Fennell2014,
author = {C.T. Fennell and Krista Byers-Heinlein},
title ={You sound like Mommy: Bilingual and monolingual infants learn words best from speakers typical of their language environments},
journal = {International Journal of Behavioral Development},
volume = {38},
number = {4},
year = {2014}
}

@article{carey2015,
  title={Theories of development: In dialog with Jean Piaget},
  author={Carey, Susan and Zaitchik, Deborah and Bascandziev, Igor},
  journal={Developmental Review},
  volume={38},
  year={2015},
  publisher={Elsevier}
}

@article{frank2016,
  title={Using tablets to collect data from young children},
  author={Frank, Michael C. and Sugarman, Elise and Horowitz, Alexandra C and Lewis, Molly and Yurovsky, Daniel},
  journal={Journal of Cognition and Development},
  volume={17},
  number={1},
  year={2016}
}

@article{Mattock2010,
author = {Mattock, Karen and Polka, Linda and Rvachew, Susan and Krehm, Madelaine},
title = {The first steps in word learning are easier when the shoes fit: comparing monolingual and bilingual infants},
journal = {Developmental Science},
volume = {13},
number = {1},
year = {2010}
}

@article{hazan2000,
  title={The development of phonemic categorization in children aged 6--12},
  author={Hazan, Valerie and Barrett, Sarah},
  journal={Journal of phonetics},
  volume={28},
  number={4},
  year={2000},
  publisher={Elsevier}
}


@article {McMurray2007,
	author = {McMurray, Bob},
	title = {Defusing the Childhood Vocabulary Explosion},
	volume = {317},
	number = {5838},
	year = {2007},
	journal = {Science}
}

@article{frank2012,
  title={Predicting pragmatic reasoning in language games},
  author={Frank, Michael C. and Goodman, Noah D},
  journal={Science},
  volume={336},
  number={6084},
  year={2012}
}

@article{Mareschal2010,
author = {Mareschal, Denis},
title = {Computational perspectives on cognitive development},
journal = {Wiley Interdisciplinary Reviews: Cognitive Science},
volume = {1},
number = {5},
year = {2010}
}

@article{xu2007,
  title={Word learning as Bayesian inference.},
  author={Xu, Fei and Tenenbaum, Joshua B},
  journal={Psychological review},
  volume={114},
  number={2},
  year={2007}
}


@article{Munakata2001,
author="Munakata, Yuko",
title = "Graded representations in behavioral dissociations",
journal = "Trends in Cognitive Sciences",
volume = "5",
number = "7",
year = "2001"
}


@book{piaget1954,
  title={The construction of reality in the child},
  author={Piaget, Jean},
  year={1954},
  publisher={New York, NY, US: Basic Books}
}

@book{carey2009,
  title={The origin of concepts},
  author={Carey, Susan},
  year={2009},
  publisher={Oxford University Press}
}

@inproceedings{lewis2013,
  title={An integrated model of concept learning and word-concept mapping},
  author={Lewis, Molly and Frank, Michael C.},
  booktitle={Proceedings of the Annual Meeting of the Cognitive Science Society},
  volume={35},
  number={35},
  year={2013}
}

@article{golinkoff1987,
  title={The eyes have it: Lexical and syntactic comprehension in a new paradigm},
  author={Golinkoff, Roberta Michnick and Hirsh-Pasek, Kathryn and Cauley, Kathleen M and Gordon, Laura},
  journal={Journal of child language},
  volume={14},
  year={1987}
}

@article{tsui2019,
  title={Associative word learning in infancy: A meta-analysis of the switch task},
  author={Tsui, Angeline Sin Mei and Byers-Heinlein, Krista and Fennell, C.T.},
  journal={Developmental psychology},
  volume={55},
  year={2019}
}

@article{fernald2006,
  title={Picking up speed in understanding: Speech processing efficiency and vocabulary growth across the 2nd year.},
  author={Fernald, Anne and Perfors, Amy and Marchman, Virginia A.},
  journal={Developmental psychology},
  volume={42},
  year={2006}
}

@article{yeung09,
  author =	 {Yeung, H. and Werker, J.F.},
  title =	 {Learning {words'} sounds before learning how words sound: {9-month-olds} use distinct objects as cues to categorize speech information},
  journal =	 {Cognition},
  year =	 2009,
  volume =	 113
}

@InCollection{werker2004,
  author =	 {Werker, J.F. and Fennell, C.T},
  title =	 {Listening to sounds versus listening to words: Early steps in word learning},
  booktitle =	 {Weaving a lexicon},
  publisher =	 {MIT Press},
  year =	 2004,
  editor =	 {Hall, D. G. and  Waxman, S.},
  address =	 {Cambridge}
}



@InCollection{shultz1995,
  author =	 {Shultz, Thomas R and Schmidt, William C and Buckingham, David and Mareschal, Denis},
  title =	 {Modeling cognitive development with a generative connectionist algorithm},
  booktitle =	 {Developing cognitive competence: New approaches to process modeling},
  publisher =	 {Lawrence Erlbaum Associates, Inc.},
  year =	 {1995},
  editor =	 {Simon, Tony J. and Graeme S. Halford},
  address =	 {Hillsdale, NJ}
}

@article{werker2005,
  title={{PRIMIR}: A developmental framework of infant speech processing},
  author={Werker, J.F. and Curtin, S.},
  journal={Language learning and development},
  volume={1},
  year={2005}
}

@inproceedings{fourtassi2018,
  title={Word Learning as Network Growth: A Cross-linguistic Analysis.},
  author={Fourtassi, Abdellah and Bian, Yuan and Frank, Michael C.},
  booktitle={Proceedings of the 40th Annual Meeting of the Cognitive Science Society},
  year={2018}
}

@inproceedings{fourtassi2019,
  title={Phoneme learning is influenced by the taxonomic organization of the semantic referents},
  author={Fourtassi, Abdellah and Dupoux, Emmanuel},
  booktitle={Proceedings of the 41st Annual Meeting of the Cognitive Science Society},
  year={2019}
}

@book{anderson1990,
  address = {Hillsdale, NJ},
  author = {Anderson, J. R.},
  publisher = {Erlbaum},
  title = {The adaptive character of thought},
  year = 1990
}

@article{sizemore2018,
  title={Knowledge gaps in the early growth of semantic feature networks},
  author={Sizemore, Ann E and Karuza, Elisabeth A and Giusti, Chad and Bassett, Danielle S},
  journal={Nature human behaviour},
  volume={2},
  number={9},
  year={2018},
  publisher={Nature Publishing Group}
}


@article{engelthaler2017,
  title={Feature biases in early word learning: network distinctiveness predicts age of acquisition},
  author={Engelthaler, T. and Hills, Thomas T.},
  journal={Cognitive science},
  volume={41},
  year={2017},
  publisher={Wiley Online Library}
}

@article{wojcik2013,
  title={The ontogeny of lexical networks: Toddlers encode the relationships among referents when learning novel words},
  author={Wojcik, E.H. and Saffran, J.R.},
  journal={Psychological science},
  volume={24},
  number={10},
  year={2013},
  publisher={Sage Publications Sage CA: Los Angeles, CA}
}

@article{pater2004,
  title={The perceptual acquisition of phonological contrasts},
  author={Pater, J. and Stager, C.L.  and Werker, J.F.},
  journal={Language},
  volume={80},
  year={2004}
}


@inproceedings{hofer2017,
	Author = {Hofer, M. and Levy, R.},
	Booktitle = {{Proceedings of the 39th Annual Meeting of the Cognitive Science Society}},
	Title = {{Modeling Sources of Uncertainty in Spoken Word Learning}},
	Year = 2017}


@article{swingley2007,
  title={Lexical exposure and word-form encoding in 1.5-year-olds.},
  author={Swingley, D. },
  journal={Developmental psychology},
  volume={43},
  number={2},
  year={2007},
  publisher={American Psychological Association}
}

@article{barr2013,
  title={Random effects structure for confirmatory hypothesis testing: Keep it maximal},
  author={Barr, D.J. and Levy, R. and Scheepers, C. and Tily, H.J.},
  journal={Journal of memory and language},
  volume={68},
  number={3},
  year={2013},
  publisher={Elsevier}
}

@inproceedings{dutoit1996,
  title={The MBROLA project: Towards a set of high quality speech synthesizers free of use for non commercial purposes},
  author={Dutoit, Thierry and Pagel, Vincent and Pierret, Nicolas and Bataille, Fran{\c{c}}ois and Van der Vrecken, Olivier},
  booktitle={Proceedings of {ICSLP}},
  volume={3},
  year={1996},
  organization={IEEE}
}

@article{pajak2016,
  title={Difficulty in learning similar-sounding words: A developmental stage or a general property of learning?},
  author={Pajak, B. and Creel, S.C. and Levy, R.},
  journal={Journal of Experimental Psychology: Learning, Memory, and Cognition},
  volume={42},
  number={9},
  year={2016},
  publisher={American Psychological Association}
}

@article{white2013,
  title={Adults show less sensitivity to phonetic detail in unfamiliar words, too},
  author={White, K.S. and Yee, E. and Blumstein, S.E. and Morgan, J.L.},
  journal={Journal of Memory and Language},
  volume={68},
  number={4},
  year={2013},
  publisher={Elsevier}
}

@article{dautriche2015,
  title={Learning novel phonological neighbors: Syntactic category matters},
  author={Dautriche, I. and Swingley, D. and Christophe, A.},
  journal={Cognition},
  volume={143},
  year={2015},
  publisher={Elsevier}
}

@article{apfelbaum2011,
  title={Using variability to guide dimensional weighting: Associative mechanisms in early word learning},
  author={Apfelbaum, K. S. and  McMurray, Bob },
  journal={Cognitive Science},
  volume={35},
  year={2011}
}

@article{dietrich2007,
  title={Native language governs interpretation of salient speech sound differences at 18 months},
  author={Dietrich, C. and Swingley, D. and Werker, J.F. },
  journal={Proceedings of the National Academy of Sciences},
  volume={104},
  year={2007}
}


@article{thiessen2007,
author = {Thiessen, E.D.},
title = {The effect of distributional information on children's use of phonemic contrasts},
year = {2007},
journal = {Journal of Memory and Language},
volume = {56}
}


@article{werker2002,
	Author = {Werker, J.F. and Fennell, C.T. and Corcoran, K.M. and Stager, C.L.},
	Journal = {Infancy},
	Title = {Infants' ability to learn phonetically similar words: Effects of age and vocabulary size},
	Volume = {3},
	Year = {2002}}
	
@article{fennell2010,
author = {Fennell, C.T. and Waxman, S.R.},
title = {What paradox? Referential cues allow for infant use of phonetic detail in word learning},
year = {2010},
journal = {Child Development},
volume = {81}
}


@article{werker1998,
  title={Acquisition of word--object associations by 14-month-old infants.},
  author={Werker, J.F. and Cohen, Leslie B and Lloyd, Valerie L and Casasola, Marianella and Stager, C.L. },
  journal={Developmental psychology},
  volume={34},
  year={1998}
}


@article{rost2009,
author = {Rost, G.C. and  McMurray, Bob},
title = {Speaker variability augments phonological processing in early word learning},
year = {2009},
journal = {Developmental Science},
volume = {12}
}

@article{rost2010,
author = {Rost, G.C. and  McMurray, Bob},
title = {Finding the signal by adding noise: The role of noncontrastive phonetic variability in early word learning},
year = {2010},
journal = {Infancy},
volume = {15}
}


@article{yoshida2009,
author = {Yoshida, K. and Fennell, C.T. and  Swingley, D. and Werker, J.F.},
title = {14-month-olds learn similar-sounding words},
year = {2009},
journal = {Developmental Science},
volume = {12}
}



@article{stager1997,
author = {Stager, C.L. and Werker, J.F.}, 
title = {Infants listen for more phonetic detail in speech perception than in word-learning tasks},
year = {1997},  
journal = {Nature} ,
number = {6640},
volume = {388}
}

@article{werker1984,
	Author = {Werker, J.F. and Tees, R.C.},
	Journal = {Infant Behavior and Development},
	Title = {Cross-language speech perception: Evidence for perceptual reorganization during the first year of life},
	Volume = {7},
	Year = {1984}}

@article{goodman2008, 
title={Does frequency count? Parental input and the acquisition of vocabulary}, 
volume={35}, 
number={3}, journal={Journal of Child Language}, 
publisher={Cambridge University Press}, 
author={Goodman, Judith C. and Dale, Philip S. and Li, Ping}, 
year={2008}, 
pages={515--531}}

@inproceedings{braginsky2016,
	Author = {Braginsky, Mika and Yurovsky, Daniel and Marchman, Virginia A and Frank, Michael C.},
	Booktitle = {{Proceedings of the 38th Annual Conference of the Cognitive Science Society}},
	Title = {From uh-oh to tomorrow: Predicting age of acquisition for early words across languages},
	Year = {2016}}
	
@article{stokes2010,
author = {Stokes, Stephanie F.},
title = {Neighborhood Density and Word Frequency Predict Vocabulary Size in Toddlers},
journal = {Journal of Speech, Language, and Hearing Research},
volume = {53},
number = {3},
pages = {670-683},
year = {2010}
}

@article{storkel2009,
 title={Developmental differences in the effects of phonological, lexical and semantic variables on word learning by infants},
  volume={36},

    number={2},
     journal={Journal of Child Language},
     publisher={Cambridge University Press}, 
     author={Storkel, Holly L.}, 
     year={2009}, 
     pages={29--321}}
     
     
  @article {steyvers2005,
author = {Steyvers, Mark and Tenenbaum, Joshua B.},
title = {The Large-Scale Structure of Semantic Networks: Statistical Analyses and a Model of Semantic Growth},
journal = {Cognitive Science},
volume = {29},
number = {1},
publisher = {Lawrence Erlbaum Associates, Inc.},
pages = {41--78},
year = {2005}
}
	

@article{smith2008,
title = "Infants rapidly learn word-referent mappings via cross-situational statistics",
journal = "Cognition",
volume = "106",
number = "3",
pages = "1558 - 1568",
year = "2008",
author = "Linda Smith and Chen Yu"
}

@article{hills2009,
author = {Thomas T. Hills and Mounir Maouene and Josita Maouene and Adam Sheya and Linda Smith},
title ={Longitudinal Analysis of Early Semantic Networks: Preferential Attachment or Preferential Acquisition?},
journal = {Psychological Science},
volume = {20},
number = {6},
pages = {729-739},
year = {2009}
}

@article{frank2017,
 title={Wordbank: an open repository for developmental vocabulary data}, 
 volume={44}, 
 number={3},
  journal={Journal of Child Language}, 
 publisher={Cambridge University Press}, 
 author={Frank, Michael C. and Braginsky, Mika and Yurovsky, Daniel and Marchman, Virginia A.}, 
 year={2017}, 
 pages={677--694}}


@electronic{nelson1998,
  author = {Nelson, D. L. and McEvoy,  C. L. and Schreiber, T. A.},
  title = {The {U}niversity of {S}outh {F}lorida word association, rhyme, and word fragment norms},
  url = {http://w3.usf.edu/FreeAssociation/},
  year = 1998
}

@article{pisoni1985,
title = "Speech perception, word recognition and the structure of the lexicon",
journal = "Speech Communication",
volume = "4",
number = "1",
pages = "75 - 95",
year = "1985",
author = "David B. Pisoni and Howard C. Nusbaum and Paul A. Luce and Louisa M. Slowiaczek"
}


@ARTICLE{griffiths07,
    author = {Thomas L. Griffiths and Mark Steyvers and Joshua B. Tenenbaum },
    title = {Topics in semantic representation},
    journal = {Psychological Review},
    year = {2007},
    volume = {114},
    number = {2},
    pages = {2007}
}

@article {saffran1996,
	author = {Saffran, Jenny R. and Aslin, Richard N. and Newport, Elissa L.},
	title = {Statistical Learning by 8-Month-Old Infants},
	volume = {274},
	number = {5294},
	pages = {1926--1928},
	year = {1996},
	publisher = {American Association for the Advancement of Science},
	journal = {Science}
}


@article{vitevitch1999,
title = "Phonotactics, Neighborhood Activation, and Lexical Access for Spoken Words",
journal = "Brain and Language",
volume = "68",
number = "1",
pages = "306 - 311",
year = "1999",
author = "Michael S. Vitevitch and Paul A. Luce and David B. Pisoni and Edward T. Auer"
}


@article{jusczyk1994,
title = "Infant's Sensitivity to Phonotactic Patterns in the Native Language",
journal = "Journal of Memory and Language",
volume = "33",
number = "5",
pages = "630 - 645",
year = "1994",
author = "Peter W. Jusczyk and Paul A. Luce and Jan Charles-Luce"
}


@article{storkel2001,
author = {Storkel, Holly L.},
title = {Learning New Words: Phonotactic Probability in Language Development},
journal = {Journal of Speech, Language, and Hearing Research},
volume = {44},
number = {6},
pages = {1321-1337},
year = {2001}
}


@article{higgins2014,
author = {Michelle MacRoy-Higgins and Valerie L Shafer and Richard G Schwartz and Klara Marton},
title ={The influence of phonotactic probability on word recognition in toddlers},
journal = {Child Language Teaching and Therapy},
volume = {30},
number = {1},
pages = {117-130},
year = {2014}
}


@article{beckage2011,
    author = {Beckage, Nicole M. and  Smith, Linda and Hills, Thomas T.},
    journal = {PLOS ONE},
    publisher = {Public Library of Science},
    title = {Small Worlds and Semantic Network Growth in Typical and Late Talkers},
    year = {2011},
    month = {05},
    volume = {6},
    pages = {1-6},
    number = {5}
}


@Article{stella2017,
author={Stella, Massimo
and Beckage, Nicole M.
and Brede, Markus},
title={Multiplex lexical networks reveal patterns in early word acquisition in children},
journal={Scientific Reports},
year={2017},
day={24},
volume={7}
}


@article{hills2010,
title = "The associative structure of language: Contextual diversity in early word learning",
journal = "Journal of Memory and Language",
volume = "63",
number = "3",
pages = "259 - 273",
year = "2010",
author = "Thomas T. Hills and Josita Maouene and Brian Riordan and Linda B. Smith"
}


@misc{dippl,
  title = {{The Design and Implementation of Probabilistic Programming Languages}},
  author = {Goodman, Noah and Stuhlmuller, Andreas},
  year = {2014},
  howpublished = {\url{http://dippl.org}}
}


@article {engelthaler2017,
author = {Engelthaler, Tomas and Hills, Thomas T.},
title = {Feature Biases in Early Word Learning: Network Distinctiveness Predicts Age of Acquisition},
journal = {Cognitive Science},
volume = {41},
issn = {1551-6709},
pages = {120--140},
year = {2017}
}


@article {barabasi99,
	author = {Barabasi, Albert-Laszlo and Albert, Reka},
	title = {Emergence of Scaling in Random Networks},
	volume = {286},
	number = {5439},
	pages = {509--512},
	year = {1999},
	journal = {Science}
}


@article {markman90,
author = {Markman, Ellen M.},
title = {Constraints Children Place on Word Meanings},
journal = {Cognitive Science},
volume = {14},
number = {1},
publisher = {Lawrence Erlbaum Associates, Inc.},
pages = {57--77},
year = {1990},
}


@article {roy2015,
	author = {Roy, Brandon C. and Frank, Michael C. and DeCamp, Philip and Miller, Matthew and Roy, Deb},
	title = {Predicting the birth of a spoken word},
	volume = {112},
	number = {41},
	pages = {12663--12668},
	year = {2015},
	publisher = {National Academy of Sciences},
	journal = {Proceedings of the National Academy of Sciences}
}


@article{fenson94,
 author = {Larry Fenson and Philip S. Dale and J. Steven Reznick and Elizabeth Bates and Donna J. Thal and Stephen J. Pethick and Michael Tomasello and Carolyn B. Mervis and Joan Stiles},
 journal = {Monographs of the Society for Research in Child Development},
 number = {5},
 pages = {i-185},
 publisher = {[Society for Research in Child Development, Wiley]},
 title = {Variability in Early Communicative Development},
 volume = {59},
 year = {1994}
}


@article{gillespie15,
    title = {Fitting Heavy Tailed Distributions: The {poweRlaw} Package},
    author = {Colin S. Gillespie},
    journal = {Journal of Statistical Software},
    year = {2015},
    volume = {64},
    number = {2},
    pages = {1--16},
    url = {http://www.jstatsoft.org/v64/i02/},
  }


@article{clauset09,
author = {Aaron Clauset and Cosma Rohilla Shalizi and M. E. J. Newman},
title = {Power-Law Distributions in Empirical Data},
journal = {SIAM Review},
volume = {51},
number = {4},
pages = {661-703},
year = {2009}    
}
@Manual{R-base,
  title = {R: A Language and Environment for Statistical Computing},
  author = {{R Core Team}},
  organization = {R Foundation for Statistical Computing},
  address = {Vienna, Austria},
  year = {2017},
  url = {https://www.R-project.org/},
}
@Manual{R-BBmisc,
  title = {BBmisc: Miscellaneous Helper Functions for B. Bischl},
  author = {Bernd Bischl and Michel Lang and Jakob Bossek and Daniel Horn and Jakob Richter and Dirk Surmann},
  year = {2017},
  note = {R package version 1.11},
  url = {https://CRAN.R-project.org/package=BBmisc},
}
@Manual{R-bindrcpp,
  title = {bindrcpp: An 'Rcpp' Interface to Active Bindings},
  author = {Kirill Müller},
  year = {2018},
  note = {R package version 0.2.2},
  url = {https://CRAN.R-project.org/package=bindrcpp},
}
@Book{R-boot,
  title = {Bootstrap Methods and Their Applications},
  author = {A. C. Davison and D. V. Hinkley},
  publisher = {Cambridge University Press},
  address = {Cambridge},
  year = {1997},
  note = {ISBN 0-521-57391-2},
  url = {http://statwww.epfl.ch/davison/BMA/},
}
@Manual{R-broom,
  title = {broom: Convert Statistical Analysis Objects into Tidy Tibbles},
  author = {David Robinson and Alex Hayes},
  year = {2018},
  note = {R package version 0.5.0},
  url = {https://CRAN.R-project.org/package=broom},
}
@Manual{R-directlabels,
  title = {directlabels: Direct Labels for Multicolor Plots},
  author = {Toby Dylan Hocking},
  year = {2017},
  note = {R package version 2017.03.31},
  url = {https://CRAN.R-project.org/package=directlabels},
}
@Manual{R-dplyr,
  title = {dplyr: A Grammar of Data Manipulation},
  author = {Hadley Wickham and Romain François and Lionel Henry and Kirill Müller},
  year = {2018},
  note = {R package version 0.7.8},
  url = {https://CRAN.R-project.org/package=dplyr},
}
@Manual{R-feather,
  title = {feather: R Bindings to the Feather 'API'},
  author = {Hadley Wickham},
  year = {2016},
  note = {R package version 0.3.1},
  url = {https://CRAN.R-project.org/package=feather},
}
@Book{R-ggplot2,
  author = {Hadley Wickham},
  title = {ggplot2: Elegant Graphics for Data Analysis},
  publisher = {Springer-Verlag New York},
  year = {2016},
  isbn = {978-3-319-24277-4},
  url = {http://ggplot2.org},
}
@Manual{R-ggthemes,
  title = {ggthemes: Extra Themes, Scales and Geoms for 'ggplot2'},
  author = {Jeffrey B. Arnold},
  year = {2017},
  note = {R package version 3.4.0},
  url = {https://CRAN.R-project.org/package=ggthemes},
}
@Manual{R-HDInterval,
  title = {HDInterval: Highest (Posterior) Density Intervals},
  author = {Mike Meredith and John Kruschke},
  year = {2016},
  note = {R package version 0.1.3},
  url = {https://CRAN.R-project.org/package=HDInterval},
}
@Article{R-jsonlite,
  title = {The jsonlite Package: A Practical and Consistent Mapping Between JSON Data and R Objects},
  author = {Jeroen Ooms},
  journal = {arXiv:1403.2805 [stat.CO]},
  year = {2014},
  url = {https://arxiv.org/abs/1403.2805},
}
@Manual{R-langcog,
  title = {langcog: Language and Cognition Lab Things},
  author = {Mika Braginsky and Dan Yurovsky and Michael Frank},
  note = {R package version 0.1.9001},
  url = {http://github.com/langcog/langcog},
}
@Article{R-lme4,
  title = {Fitting Linear Mixed-Effects Models Using {lme4}},
  author = {Douglas Bates and Martin M{\"a}chler and Ben Bolker and Steve Walker},
  journal = {Journal of Statistical Software},
  year = {2015},
  volume = {67},
  number = {1},
  pages = {1--48},
  doi = {10.18637/jss.v067.i01},
}
@Article{R-lmtest,
  title = {Diagnostic Checking in Regression Relationships},
  author = {Achim Zeileis and Torsten Hothorn},
  journal = {R News},
  year = {2002},
  volume = {2},
  number = {3},
  pages = {7--10},
  url = {https://CRAN.R-project.org/doc/Rnews/},
}
@Manual{R-Matrix,
  title = {Matrix: Sparse and Dense Matrix Classes and Methods},
  author = {Douglas Bates and Martin Maechler},
  year = {2017},
  note = {R package version 1.2-12},
  url = {https://CRAN.R-project.org/package=Matrix},
}
@Manual{R-nlme,
  title = {{nlme}: Linear and Nonlinear Mixed Effects Models},
  author = {Jose Pinheiro and Douglas Bates and Saikat DebRoy and Deepayan Sarkar and {R Core Team}},
  year = {2017},
  note = {R package version 3.1-131},
  url = {https://CRAN.R-project.org/package=nlme},
}
@Manual{R-papaja,
  author = {Frederik Aust and Marius Barth},
  title = {{papaja}: {Create} {APA} manuscripts with {R Markdown}},
  year = {2018},
  note = {R package version 0.1.0.9842},
  url = {https://github.com/crsh/papaja},
}
@Manual{R-png,
  title = {png: Read and write PNG images},
  author = {Simon Urbanek},
  year = {2013},
  note = {R package version 0.1-7},
  url = {https://CRAN.R-project.org/package=png},
}
@Manual{R-purrr,
  title = {purrr: Functional Programming Tools},
  author = {Lionel Henry and Hadley Wickham},
  year = {2018},
  note = {R package version 0.2.5},
  url = {https://CRAN.R-project.org/package=purrr},
}
@Manual{R-readr,
  title = {readr: Read Rectangular Text Data},
  author = {Hadley Wickham and Jim Hester and Romain Francois},
  year = {2017},
  note = {R package version 1.1.1},
  url = {https://CRAN.R-project.org/package=readr},
}
@Manual{R-rwebppl,
  title = {rwebppl: R Interface to WebPPL},
  author = {Mika Braginsky and Michael Henry Tessler and Robert Hawkins},
  year = {2018},
  note = {R package version 0.1.98},
  url = {https://github.com/mhtess/rwebppl},
}
@Manual{R-stargazer,
  title = {stargazer: Well-Formatted Regression and Summary Statistics Tables},
  author = {Marek Hlavac},
  year = {2018},
  note = {R package version 5.2.2},
  organization = {Central European Labour Studies Institute (CELSI)},
  address = {Bratislava, Slovakia},
  url = {https://CRAN.R-project.org/package=stargazer},
}
@Manual{R-stringr,
  title = {stringr: Simple, Consistent Wrappers for Common String Operations},
  author = {Hadley Wickham},
  year = {2018},
  note = {R package version 1.3.1},
  url = {https://CRAN.R-project.org/package=stringr},
}
@Manual{R-tidyr,
  title = {tidyr: Easily Tidy Data with 'spread()' and 'gather()' Functions},
  author = {Hadley Wickham and Lionel Henry},
  year = {2018},
  note = {R package version 0.8.2},
  url = {https://CRAN.R-project.org/package=tidyr},
}
@Manual{R-wordbankr,
  title = {wordbankr: Accessing the Wordbank Database},
  author = {Mika Braginsky},
  year = {2018},
  note = {R package version 0.3.0.9000},
  url = {https://github.com/langcog/wordbankr},
}
@Manual{R-xtable,
  title = {xtable: Export Tables to LaTeX or HTML},
  author = {David B. Dahl and David Scott and Charles Roosen and Arni Magnusson and Jonathan Swinton},
  year = {2018},
  note = {R package version 1.8-3},
  url = {https://CRAN.R-project.org/package=xtable},
}
@Article{R-zoo,
  title = {zoo: S3 Infrastructure for Regular and Irregular Time Series},
  author = {Achim Zeileis and Gabor Grothendieck},
  journal = {Journal of Statistical Software},
  year = {2005},
  volume = {14},
  number = {6},
  pages = {1--27},
  doi = {10.18637/jss.v014.i06},
}
@Manual{R-kableExtra,
  title = {kableExtra: Construct Complex Table with 'kable' and Pipe Syntax},
  author = {Hao Zhu},
  year = {2018},
  note = {R package version 0.9.0},
  url = {https://CRAN.R-project.org/package=kableExtra},
}
